2106 2894
394 354 465 386 114
670 349 942 384 COMPOTUM
963 351 1196 386 MAGISTRI
1218 353 1423 388 FABRICE

1013 726 1090 767 IV.

623 894 933 936 MAGISTER
962 896 1221 938 FABRICE
1251 896 1482 946 PONTIS‚

922 1033 986 1073 M.
1002 1033 1055 1073 D.
1085 1034 1182 1074 XV.

445 1369 535 1404 Item
563 1368 663 1403 Idem
682 1369 901 1414 Compotans
919 1374 1043 1405 onerat
1059 1369 1093 1404 se
1111 1371 1154 1405 de

444 1533 534 1569 Item
556 1533 655 1569 Idem
675 1539 883 1579 compotans
907 1540 1032 1570 onerat
1048 1535 1082 1570 se
1100 1536 1143 1570 de
1160 1536 1224 1571 xix
1241 1536 1343 1571 bollis
1361 1548 1557 1573 avenarum
1575 1545 1704 1584 recept.

396 1617 439 1651 de
458 1617 603 1651 decimis
624 1618 667 1651 de
685 1616 791 1652 Ester
810 1617 966 1663 Capetht
993 1618 1036 1652 de
1057 1615 1177 1667 Crope
1202 1620 1286 1654 anni
1309 1626 1369 1655 'rc‘
1388 1622 1423 1655 vc
1441 1621 1567 1655 decimi
1586 1623 1705 1666 quarti

394 1698 446 1734 Et
468 1700 511 1734 de
530 1710 553 1733 v
574 1699 678 1734 bollis
702 1701 726 1746 ij
746 1701 873 1736 firlotis
891 1712 1085 1736 avenarum
1112 1707 1241 1748 recept.
1268 1704 1312 1738 de
1337 1702 1465 1738 eisdem
1492 1705 1637 1739 decimis
1663 1705 1706 1739 de

396 1778 514 1829 Crope
530 1782 615 1816 anni
633 1787 692 1817 *cc*
711 1784 746 1816 vc
763 1783 890 1817 decimi
907 1784 1025 1828 quinti
1069 1783 1120 1818 Et
1138 1785 1181 1818 de
1199 1785 1237 1831 iij
1253 1796 1282 1819 c.
1295 1786 1344 1831 vij
1361 1785 1394 1820 b.
1411 1786 1437 1832 ij
1454 1785 1478 1819 f.
1492 1786 1517 1831 ij
1533 1787 1579 1830 ΡΒ.
1597 1790 1705 1829 empt.

394 1874 458 1909 per
475 1868 736 1909 compotantem
755 1875 818 1910 per
835 1869 977 1910 tempus
995 1866 1149 1910 compoti
1167 1870 1209 1901 ut
1225 1870 1325 1911 patet
1338 1867 1376 1901 in
1394 1871 1557 1912 compoto
1575 1878 1705 1912 expen-

394 1946 511 1981 sarum
525 1947 665 1993 argenti

445 2110 609 2157 Expense
627 2110 782 2158 ejusdem
821 2111 865 2146 In
884 2113 1011 2158 primis
1029 2113 1202 2148 allocatur
1215 2115 1432 2159 compotanti
1449 2126 1513 2160 per
1525 2115 1707 2150 liberacio-

394 2205 475 2230 nem
494 2194 625 2230 factam
638 2195 783 2230 verudis
799 2207 822 2231 a
838 2196 1037 2242 penultimo
1050 2197 1107 2231 die
1122 2194 1250 2232 mensis
1267 2196 1405 2242 Aprilis
1422 2198 1507 2233 anni
1526 2202 1587 2232 ''cc“
1601 2199 1636 2232 ve
1649 2198 1707 2233 de-
