1964 2894
524 404 651 435 VITAE
677 404 1014 436 EPISCOPORUM
1038 404 1473 436 DUNKELDENSIUM.
1599 405 1641 435 13

349 508 426 542 licae
444 508 545 554 regni
563 508 676 542 virilis
698 518 764 552 pro
784 518 886 553 posse
905 506 1092 548 defensor3
1117 512 1153 542 et
1174 506 1444 542 consecrationis
1463 518 1538 541 suae
1555 518 1648 541 anno

347 593 458 630 sexto,
472 589 641 623 conduxit
654 589 873 635 Magistrum
886 588 1085 623 Robertum
1103 588 1370 623 Cementarium
1385 589 1430 623 ad
1443 599 1532 633 opus
1550 588 1647 623 chori

346 675 382 704 et
392 671 556 711 ecclesiae,
567 682 672 715 quem
684 682 706 704 a
715 670 956 704 fundamentis
968 671 1167 704 construxit
1177 680 1187 711 ς
1202 674 1238 704 et
1250 671 1289 704 in
1299 670 1355 704 sui
1366 670 1482 715 operis
1493 671 1647 716 signum,

347 763 485 786 crucem
511 751 689 798 virgatam
714 762 821 796 super
845 751 1021 797 gabellam
1046 751 1255 785 orientalem
1280 751 1410 795 posuit,
1435 762 1544 796 quam
1570 752 1646 796 ejus

346 834 472 867 domus
489 836 526 867 et
540 843 736 879 cognomen
753 843 818 877 pro
841 832 950 866 armis
966 831 1099 866 habent
1116 842 1228 877 usque
1245 832 1284 866 in
1300 831 1512 866 hodiernum
1530 832 1645 871 diem3

344 924 515 958 suamque
541 915 760 958 sepulturam
778 914 823 948 ad
840 914 991 960 gradum
1009 913 1208 958 presbiterii
1226 914 1264 948 in
1281 914 1398 948 medio
1415 913 1513 948 chori
1531 914 1647 959 elegit,

343 995 405 1029 ubi
416 996 586 1039 sepelitur
595 996 672 1041 ejus
686 1006 823 1040 corpus,
834 995 950 1039 lapide
960 1006 1159 1029 marmoreo
1169 996 1346 1035 clausum;
1358 995 1504 1041 ejusque
1517 1005 1647 1040 ymago

345 1076 476 1111 ibidem
501 1077 544 1110 de
570 1076 746 1111 alabastro
771 1076 908 1111 decenti
934 1077 1049 1111 locata
1067 1076 1163 1117 fuit3
1190 1077 1252 1110 sed
1277 1087 1322 1110 ne
1346 1087 1430 1110 casu
1450 1076 1570 1125 aliquo
1587 1076 1646 1109 de-

344 1162 552 1198 strueretur,
564 1162 627 1192 aut
637 1157 729 1192 foret
742 1158 995 1202 impedimento
1008 1158 1100 1192 circa
1117 1158 1238 1197 altare,
1250 1157 1288 1191 in
1301 1156 1541 1202 solempnibus
1558 1157 1645 1191 actis

343 1244 406 1274 aut
423 1240 569 1284 synodo,
586 1250 682 1273 nunc
699 1240 744 1273 ad
762 1239 1011 1273 occidentalem
1028 1243 1167 1283 partem
1184 1238 1334 1272 borealis
1351 1238 1518 1272 fenestrae
1535 1238 1644 1278 chori,

342 1320 505 1369 proxima
521 1320 648 1366 majori
662 1320 766 1354 altari
784 1320 829 1353 ad
841 1320 947 1364 pedes
961 1320 1124 1353 decenter
1140 1320 1301 1365 erigitur.
1322 1318 1433 1363 Apud
1449 1319 1544 1353 hunc
1558 1330 1645 1364 pon-

341 1401 471 1436 tificem
483 1406 569 1435 tunc
580 1401 803 1446 Tybermure
817 1401 1208 1440 commorantem,venit
1218 1399 1382 1434 dominus
1397 1400 1558 1435 Finlaius
1572 1412 1646 1435 mo-

340 1483 475 1517 nachus
493 1483 537 1516 de
554 1482 589 1516 Y
608 1482 815 1516 Callumkill
832 1482 1059 1522 monasterio,
1077 1482 1115 1515 in
1139 1481 1302 1516 abbatem
1320 1482 1461 1522 electus,
1478 1493 1544 1527 pro
1564 1493 1645 1516 con-

341 1563 541 1598 firmatione
568 1563 772 1602 ordinaria3
801 1573 908 1607 quem
926 1562 1036 1607 Regis
1058 1561 1207 1596 Roberti
1232 1562 1394 1606 precibus
1416 1563 1455 1596 in
1481 1562 1643 1597 abbatem

342 1644 575 1684 confirmavit,
603 1648 639 1678 et
664 1644 860 1688 cuicunque
887 1644 1049 1687 episcopo
1079 1654 1160 1677 eum
1186 1643 1413 1678 benedicendi
1438 1643 1643 1678 facultatem

341 1725 521 1764 concessit,
540 1724 862 1770 obligationemque
879 1723 1085 1758 monasterii
1112 1715 1267 1758 obtinuit
1284 1735 1349 1769 pro
1366 1725 1495 1759 sexties
1513 1725 1642 1771 viginti

341 1807 468 1841 marcis
491 1807 537 1840 ad
554 1806 652 1841 chori
669 1805 839 1840 fabricam
857 1806 1044 1839 solvendis.
1088 1805 1161 1839 Iste
1184 1806 1292 1840 etiam
1309 1805 1470 1851 pontifex
1487 1808 1642 1842 conside-

341 1899 424 1922 rans
441 1888 579 1922 fructus
603 1888 659 1922 sui
682 1887 987 1922 archidiaconatus
1009 1887 1116 1921 nimis
1140 1887 1259 1927 exiles,
1279 1888 1398 1922 univit
1414 1887 1643 1923 Archidiaco-

340 1970 442 2004 natui
455 1969 713 2009 Dunkeldensi,
728 1969 908 2003 ecclesiam
922 1969 964 2002 de
978 1968 1302 2015 Logynalloquhy;
1322 1974 1358 2003 et
1375 1970 1472 2004 dedit
1488 1970 1641 2005 ecclesiae

341 2052 385 2085 de
402 2050 491 2085 Litil
508 2051 710 2091 Dounkeld,
733 2050 873 2096 glebam
890 2061 998 2095 quam
1016 2061 1110 2085 nunc
1132 2050 1289 2095 possidet
1305 2051 1458 2085 vicarius
1478 2052 1642 2096 pension-

340 2134 437 2167 arius
461 2133 628 2179 ejusdem.
667 2132 740 2167 Iste
762 2133 870 2166 etiam
886 2131 1047 2176 pontifex
1063 2133 1295 2172 venerandus,
1318 2133 1508 2177 prudentia
1530 2138 1566 2169 et
1582 2146 1641 2169 ex-

343 2215 462 2259 pensis
486 2215 560 2249 suis
581 2214 731 2249 redemit
753 2226 775 2248 a
797 2213 952 2259 Symone
970 2213 1122 2254 Halden,
1141 2218 1253 2249 terras
1276 2215 1320 2249 de
1346 2213 1508 2250 Grenach
1530 2227 1640 2261 prope
