2044 2906
565 413 691 446 VITAE
716 414 1053 447 EPISCOPORUM
1076 414 1510 447 DUNKELDENSIUM.
1631 416 1669 446 41

378 518 452 557 toli,
474 517 733 559 Innocentium,
755 518 915 554 omnium
936 517 1159 558 Sanctorum,
1182 516 1353 563 Stephani
1374 517 1675 563 prothomartiris,

377 604 412 633 et
424 599 448 632 J
450 599 599 635 ohannis
616 600 793 646 baptistae,
810 601 848 634 in
864 600 1048 635 honestate
1065 600 1263 640 servanda3
1290 599 1456 644 quodque
1472 610 1537 644 per
1553 599 1677 645 singu-

378 682 430 714 los
447 681 521 715 dies
539 682 636 716 omni
659 682 867 727 septimana,
883 691 977 716 unus
997 682 1139 716 illorum
1158 682 1196 715 in
1213 685 1322 715 turno
1340 691 1407 715 suo
1422 680 1568 715 missam
1589 681 1677 715 cele-

377 762 518 803 braret;
543 774 622 808 quae
644 763 814 798 hactenus
834 764 873 797 in
893 763 1046 797 secundo
1065 763 1171 807 pulsu
1195 762 1241 796 ad
1260 763 1456 797 matutinas
1476 767 1675 807 opportune

377 848 550 884 servatur,
567 844 613 878 ad
628 854 737 889 quam
753 844 873 878 devoti
896 843 1116 878 ecclesiastici
1138 847 1174 877 et
1191 842 1292 877 bonis
1316 842 1481 887 operibus
1499 843 1673 877 seculares

377 926 519 964 assueti,
536 925 753 970 advenaeque
769 925 983 964 itineraturi,
1001 925 1201 958 exultantes
1225 924 1452 959 conveniunt.

426 1088 564 1123 Deinde
580 1099 693 1123 unum
710 1089 821 1123 altare
841 1093 876 1122 et
893 1089 1114 1133 capellanum
1130 1092 1342 1132 perpetuum
1360 1087 1398 1121 in
1415 1087 1558 1122 ecclesia
1574 1099 1676 1133 paro-

378 1168 484 1202 chiali
501 1169 545 1202 de
562 1168 703 1209 Dunde,
719 1169 775 1203 sui
793 1168 1017 1214 baptismatis
1035 1170 1121 1209 loco,
1143 1169 1182 1203 in
1199 1168 1370 1203 honorem
1391 1167 1531 1204 Sanctae
1549 1168 1677 1204 Mariae

377 1255 413 1284 et
435 1250 545 1284 trium
567 1261 704 1296 regum,
721 1251 932 1285 constructis
954 1250 999 1284 ad
1021 1250 1088 1284 hoc
1108 1250 1195 1285 satis
1215 1250 1332 1295 ample
1348 1250 1453 1284 terris
1470 1250 1676 1297 burgalibus

377 1342 440 1377 per
450 1342 532 1366 eum
541 1332 753 1377 conquffitis,
760 1343 896 1366 necnon
906 1342 1026 1366 annuo
1038 1331 1180 1366 redditu
1190 1332 1310 1366 decem
1320 1331 1492 1366 librarum
1500 1336 1677 1366 terrarum

375 1414 419 1448 de
431 1413 654 1454 Kirkbuddo,
664 1414 874 1454 construxit,
885 1414 1038 1454 ornavit,
1049 1413 1188 1448 dotavit
1198 1418 1234 1448 et
1246 1412 1430 1448 fundando
1440 1415 1674 1459 perpetuavit.

429 1576 530 1610 Duas
552 1576 659 1610 etiam
682 1577 892 1621 capellanias
914 1577 953 1610 in
976 1577 1108 1621 capella
1129 1576 1243 1611 beatae
1261 1575 1445 1610 Katerinae
1468 1576 1619 1622 virginis
1641 1581 1677 1610 et

375 1657 533 1691 martiris
550 1656 645 1691 infra
661 1657 777 1691 lacum
794 1657 838 1691 de
861 1656 987 1703 Clony,
1004 1668 1133 1702 easque
1150 1658 1188 1692 in
1206 1658 1261 1691 sui
1283 1662 1318 1692 et
1339 1668 1486 1692 suorum
1502 1656 1675 1692 familiam

375 1748 616 1772 successorum
638 1720 827 1779 asciibens,
848 1749 893 1773 ex
914 1749 1034 1773 annuo
1056 1738 1198 1773 redditu
1218 1739 1436 1783 praediorum
1460 1739 1675 1774 rusticorum

374 1819 538 1853 similiter
561 1819 816 1864 perpetuando,
833 1819 1024 1861 fundavit;
1054 1831 1163 1865 quam
1180 1820 1350 1865 capellam
1371 1824 1407 1855 et
1423 1825 1540 1855 totum
1558 1821 1673 1855 locum

373 1900 589 1935 fortalicium
605 1900 644 1935 in
661 1901 756 1936 dicta
771 1901 890 1935 insula
907 1899 1067 1947 (excepta
1083 1901 1230 1948 majoris
1248 1903 1358 1936 turris
1379 1902 1490 1948 volta)
1509 1913 1530 1936 a
1546 1902 1674 1936 funda-

373 1982 514 2021 mentis,
532 1982 731 2017 construxit
747 1987 783 2017 et
799 1983 989 2028 reparavit.
1027 1982 1079 2018 Et
1094 1983 1180 2028 quia
1203 1983 1241 2017 in
1259 1984 1407 2028 antiquo
1424 1984 1579 2018 ecclesiae
1596 1994 1672 2018 suae

373 2063 525 2109 registro
537 2063 686 2104 invenit,
696 2062 805 2098 fuisse
822 2064 1013 2109 aliquando
1029 2063 1257 2109 praebendam
1275 2064 1529 2110 hospitalitatis
1546 2076 1590 2099 ex
1604 2071 1673 2099 ter-

373 2145 422 2178 ris
439 2145 483 2178 de
501 2144 765 2179 Ferdisschawe
789 2146 1030 2186 constitutam,
1047 2156 1136 2191 quas
1156 2146 1212 2180 sui
1230 2146 1489 2190 predecessores
1506 2148 1670 2192 episcopi,

374 2227 466 2260 sicut
482 2231 518 2260 et
535 2231 647 2260 terras
665 2227 708 2261 de
725 2225 852 2272 Gawy,
874 2238 950 2263 suae
965 2238 1099 2262 mensae
1122 2228 1399 2274 applicaverant,
1419 2229 1604 2263 accedente
1626 2230 1671 2262 ad

1033 2317 1056 2341 F
