<?xml version="1.0" encoding="UTF-8"?>
<!DOCTYPE html PUBLIC "-//W3C//DTD XHTML 1.0 Transitional//EN"
    "http://www.w3.org/TR/xhtml1/DTD/xhtml1-transitional.dtd">
<html xmlns="http://www.w3.org/1999/xhtml" xml:lang="en" lang="en">
 <head>
  <title>
</title>
<meta http-equiv="Content-Type" content="text/html;charset=utf-8" />
  <meta name='ocr-system' content='tesseract 3.04.00' />
  <meta name='ocr-capabilities' content='ocr_page ocr_carea ocr_par ocr_line ocrx_word'/>
</head>
<body>
  <div class='ocr_page' id='page_1' title='image "./vitaedvnkeldens102mylnuoft_0107.png"; bbox 0 0 2044 2906; ppageno 0'>
   <div class='ocr_carea' id='block_1_1' title="bbox 960 432 987 460">
    <p class='ocr_par' dir='ltr' id='par_1_1' title="bbox 960 432 987 460">
     <span class='ocr_line' id='line_1_1' title="bbox 960 432 987 460; baseline 0 0"><span class='ocrx_word' id='word_1_1' title='bbox 960 432 987 460; x_wconf 91' lang='lat' dir='ltr'>V</span> 
     </span>
    </p>
   </div>
   <div class='ocr_carea' id='block_1_2' title="bbox 319 538 1627 684">
    <p class='ocr_par' dir='ltr' id='par_1_2' title="bbox 319 538 1627 684">
     <span class='ocr_line' id='line_1_2' title="bbox 319 538 1627 586; baseline -0.002 -12"><span class='ocrx_word' id='word_1_2' title='bbox 319 540 474 574; x_wconf 82' lang='lat' dir='ltr'>fenestra</span> <span class='ocrx_word' id='word_1_3' title='bbox 492 540 586 574; x_wconf 84' lang='lat' dir='ltr'><strong>vitro</strong></span> <span class='ocrx_word' id='word_1_4' title='bbox 603 540 775 580; x_wconf 78' lang='lat' dir='ltr'><strong>decorata,</strong></span> <span class='ocrx_word' id='word_1_5' title='bbox 794 540 885 574; x_wconf 86' lang='lat' dir='ltr'><strong>calix</strong></span> <span class='ocrx_word' id='word_1_6' title='bbox 908 544 971 574; x_wconf 86' lang='lat' dir='ltr'><strong>aut</strong></span> <span class='ocrx_word' id='word_1_7' title='bbox 988 549 1107 586; x_wconf 79' lang='lat' dir='ltr'><strong>cappa</strong></span> <span class='ocrx_word' id='word_1_8' title='bbox 1125 539 1267 579; x_wconf 80' lang='lat' dir='ltr'><strong>donata,</strong></span> <span class='ocrx_word' id='word_1_9' title='bbox 1285 538 1381 573; x_wconf 89' lang='lat' dir='ltr'><strong>haud</strong></span> <span class='ocrx_word' id='word_1_10' title='bbox 1397 539 1530 572; x_wconf 80' lang='lat' dir='ltr'><strong>minori</strong></span> <span class='ocrx_word' id='word_1_11' title='bbox 1548 538 1627 572; x_wconf 77' lang='lat' dir='ltr'><strong>dili-</strong></span> 
     </span>
     <span class='ocr_line' id='line_1_3' title="bbox 321 637 1626 684; baseline -0.001 -11"><span class='ocrx_word' id='word_1_12' title='bbox 321 637 443 684; x_wconf 58' lang='lat' dir='ltr'><strong>gentis</strong></span> <span class='ocrx_word' id='word_1_13' title='bbox 454 649 563 683; x_wconf 90' lang='lat' dir='ltr'><strong>quam</strong></span> <span class='ocrx_word' id='word_1_14' title='bbox 579 638 674 673; x_wconf 84' lang='lat' dir='ltr'><strong>facta</strong></span> <span class='ocrx_word' id='word_1_15' title='bbox 687 649 770 673; x_wconf 87' lang='lat' dir='ltr'>vere</span> <span class='ocrx_word' id='word_1_16' title='bbox 786 638 966 679; x_wconf 83' lang='lat' dir='ltr'><strong>benevola,</strong></span> <span class='ocrx_word' id='word_1_17' title='bbox 980 640 1038 673; x_wconf 82' lang='lat' dir='ltr'><strong>vel</strong></span> <span class='ocrx_word' id='word_1_18' title='bbox 1054 639 1101 673; x_wconf 88' lang='lat' dir='ltr'><strong>ad</strong></span> <span class='ocrx_word' id='word_1_19' title='bbox 1117 649 1234 673; x_wconf 85' lang='lat' dir='ltr'><strong>mores</strong></span> <span class='ocrx_word' id='word_1_20' title='bbox 1247 642 1283 673; x_wconf 88' lang='lat' dir='ltr'><strong>et</strong></span> <span class='ocrx_word' id='word_1_21' title='bbox 1294 638 1502 684; x_wconf 84' lang='lat' dir='ltr'>religionem</span> <span class='ocrx_word' id='word_1_22' title='bbox 1515 637 1626 672; x_wconf 78' lang='lat' dir='ltr'><strong>refor-</strong></span> 
     </span>
    </p>
   </div>
   <div class='ocr_carea' id='block_1_3' title="bbox 321 736 1626 781">
    <p class='ocr_par' dir='ltr' id='par_1_3' title="bbox 321 736 1626 781">
     <span class='ocr_line' id='line_1_4' title="bbox 321 736 1626 781; baseline 0 -10"><span class='ocrx_word' id='word_1_23' title='bbox 321 738 488 771; x_wconf 84' lang='lat' dir='ltr'><strong>mandam</strong></span> <span class='ocrx_word' id='word_1_24' title='bbox 504 738 710 781; x_wconf 80' lang='lat' dir='ltr'>spectantia,</span> <span class='ocrx_word' id='word_1_25' title='bbox 728 736 957 771; x_wconf 82' lang='lat' dir='ltr'>celebrentur.</span> <span class='ocrx_word' id='word_1_26' title='bbox 1001 736 1084 770; x_wconf 89' lang='lat' dir='ltr'><strong>Non</strong></span> <span class='ocrx_word' id='word_1_27' title='bbox 1102 740 1264 770; x_wconf 85' lang='lat' dir='ltr'><strong>nostrum</strong></span> <span class='ocrx_word' id='word_1_28' title='bbox 1283 741 1405 771; x_wconf 82' lang='lat' dir='ltr'><strong>tamen</strong></span> <span class='ocrx_word' id='word_1_29' title='bbox 1417 741 1471 771; x_wconf 88' lang='lat' dir='ltr'><strong>est</strong></span> <span class='ocrx_word' id='word_1_30' title='bbox 1481 738 1522 771; x_wconf 83' lang='lat' dir='ltr'><strong>in</strong></span> <span class='ocrx_word' id='word_1_31' title='bbox 1532 737 1626 771; x_wconf 76' lang='lat' dir='ltr'><strong>hanc</strong></span> 
     </span>
    </p>
   </div>
   <div class='ocr_carea' id='block_1_4' title="bbox 254 834 1626 880">
    <p class='ocr_par' dir='ltr' id='par_1_4' title="bbox 254 834 1626 880">
     <span class='ocr_line' id='line_1_5' title="bbox 254 834 1626 880; baseline 0.001 -12"><span class='ocrx_word' id='word_1_32' title='bbox 254 858 257 860; x_wconf 55' lang='lat'>&gt;</span> <span class='ocrx_word' id='word_1_33' title='bbox 321 845 499 880; x_wconf 87' lang='lat' dir='ltr'><strong>nugarum</strong></span> <span class='ocrx_word' id='word_1_34' title='bbox 529 845 650 877; x_wconf 86' lang='lat' dir='ltr'><strong>curam</strong></span> <span class='ocrx_word' id='word_1_35' title='bbox 680 834 971 875; x_wconf 85' lang='lat' dir='ltr'><strong>animadvertere,</strong></span> <span class='ocrx_word' id='word_1_36' title='bbox 998 845 1061 878; x_wconf 88' lang='lat' dir='ltr'><strong>per</strong></span> <span class='ocrx_word' id='word_1_37' title='bbox 1088 845 1196 878; x_wconf 88' lang='lat' dir='ltr'><strong>quam</strong></span> <span class='ocrx_word' id='word_1_38' title='bbox 1220 834 1321 868; x_wconf 88' lang='lat' dir='ltr'><strong>nobis</strong></span> <span class='ocrx_word' id='word_1_39' title='bbox 1348 835 1463 869; x_wconf 90' lang='lat' dir='ltr'><strong>multa</strong></span> <span class='ocrx_word' id='word_1_40' title='bbox 1485 840 1626 870; x_wconf 80' lang='lat' dir='ltr'><strong>servata</strong></span> 
     </span>
    </p>
   </div>
   <div class='ocr_carea' id='block_1_5' title="bbox 318 933 1625 2162">
    <p class='ocr_par' dir='ltr' id='par_1_5' title="bbox 318 933 1625 1078">
     <span class='ocr_line' id='line_1_6' title="bbox 318 933 1625 979; baseline 0.001 -13"><span class='ocrx_word' id='word_1_41' title='bbox 318 937 412 973; x_wconf 88' lang='lat' dir='ltr'><strong>sunt,</strong></span> <span class='ocrx_word' id='word_1_42' title='bbox 425 943 507 977; x_wconf 84' lang='lat' dir='ltr'><strong>quae</strong></span> <span class='ocrx_word' id='word_1_43' title='bbox 520 933 559 967; x_wconf 90' lang='lat' dir='ltr'><strong>in</strong></span> <span class='ocrx_word' id='word_1_44' title='bbox 572 943 686 967; x_wconf 89' lang='lat' dir='ltr'><strong>unum</strong></span> <span class='ocrx_word' id='word_1_45' title='bbox 699 933 853 973; x_wconf 84' lang='lat' dir='ltr'><strong>collecta,</strong></span> <span class='ocrx_word' id='word_1_46' title='bbox 866 933 1017 978; x_wconf 83' lang='lat' dir='ltr'><strong>alicujus</strong></span> <span class='ocrx_word' id='word_1_47' title='bbox 1031 937 1116 967; x_wconf 82' lang='lat' dir='ltr'><strong>sunt</strong></span> <span class='ocrx_word' id='word_1_48' title='bbox 1130 933 1248 977; x_wconf 88' lang='lat' dir='ltr'><strong>pretii,</strong></span> <span class='ocrx_word' id='word_1_49' title='bbox 1263 933 1415 979; x_wconf 84' lang='lat' dir='ltr'><strong>singula,</strong></span> <span class='ocrx_word' id='word_1_50' title='bbox 1428 937 1465 967; x_wconf 83' lang='lat' dir='ltr'><strong>et</strong></span> <span class='ocrx_word' id='word_1_51' title='bbox 1477 933 1625 967; x_wconf 87' lang='lat' dir='ltr'><strong>minoris</strong></span> 
     </span>
     <span class='ocr_line' id='line_1_7' title="bbox 322 1032 1172 1078; baseline 0 -12"><span class='ocrx_word' id='word_1_52' title='bbox 322 1033 532 1067; x_wconf 83' lang='lat' dir='ltr'><strong>aestimanda</strong></span> <span class='ocrx_word' id='word_1_53' title='bbox 548 1032 676 1072; x_wconf 85' lang='lat' dir='ltr'><strong>forent,</strong></span> <span class='ocrx_word' id='word_1_54' title='bbox 694 1036 730 1066; x_wconf 89' lang='lat' dir='ltr'><strong>et</strong></span> <span class='ocrx_word' id='word_1_55' title='bbox 743 1033 957 1078; x_wconf 85' lang='lat' dir='ltr'><strong>jamdudum</strong></span> <span class='ocrx_word' id='word_1_56' title='bbox 977 1033 1172 1077; x_wconf 86' lang='lat' dir='ltr'><strong>periissent.</strong></span> 
     </span>
    </p>

    <p class='ocr_par' dir='ltr' id='par_1_6' title="bbox 319 1130 1625 1867">
     <span class='ocr_line' id='line_1_8' title="bbox 372 1130 1625 1176; baseline 0.002 -12"><span class='ocrx_word' id='word_1_57' title='bbox 372 1130 472 1164; x_wconf 90' lang='lat' dir='ltr'>Idem</span> <span class='ocrx_word' id='word_1_58' title='bbox 495 1130 568 1164; x_wconf 88' lang='lat' dir='ltr'>fere</span> <span class='ocrx_word' id='word_1_59' title='bbox 591 1131 815 1175; x_wconf 82' lang='lat' dir='ltr'><strong>antiquitatis</strong></span> <span class='ocrx_word' id='word_1_60' title='bbox 837 1131 996 1165; x_wconf 88' lang='lat' dir='ltr'><strong>studium</strong></span> <span class='ocrx_word' id='word_1_61' title='bbox 1020 1135 1173 1171; x_wconf 85' lang='lat' dir='ltr'><strong>secutus,</strong></span> <span class='ocrx_word' id='word_1_62' title='bbox 1194 1142 1277 1176; x_wconf 90' lang='lat' dir='ltr'><strong>quo,</strong></span> <span class='ocrx_word' id='word_1_63' title='bbox 1299 1142 1342 1165; x_wconf 89' lang='lat' dir='ltr'>ex</span> <span class='ocrx_word' id='word_1_64' title='bbox 1365 1132 1518 1166; x_wconf 86' lang='lat' dir='ltr'><strong>archivis</strong></span> <span class='ocrx_word' id='word_1_65' title='bbox 1540 1133 1625 1166; x_wconf 86' lang='lat' dir='ltr'><strong>dioe-</strong></span> 
     </span>
     <span class='ocr_line' id='line_1_9' title="bbox 324 1231 1624 1276; baseline 0.002 -12"><span class='ocrx_word' id='word_1_66' title='bbox 324 1242 450 1270; x_wconf 80' lang='lat' dir='ltr'><strong>cesens,</strong></span> <span class='ocrx_word' id='word_1_67' title='bbox 471 1231 598 1276; x_wconf 84' lang='lat' dir='ltr'><strong>jejuna</strong></span> <span class='ocrx_word' id='word_1_68' title='bbox 620 1231 697 1264; x_wconf 86' lang='lat' dir='ltr'><strong>haec</strong></span> <span class='ocrx_word' id='word_1_69' title='bbox 720 1232 973 1265; x_wconf 85' lang='lat' dir='ltr'><strong>commentaria</strong></span> <span class='ocrx_word' id='word_1_70' title='bbox 996 1231 1240 1275; x_wconf 87' lang='lat' dir='ltr'><strong>episcoporum</strong></span> <span class='ocrx_word' id='word_1_71' title='bbox 1266 1232 1475 1275; x_wconf 88' lang='lat' dir='ltr'><strong>composuit,</strong></span> <span class='ocrx_word' id='word_1_72' title='bbox 1498 1232 1624 1266; x_wconf 90' lang='lat' dir='ltr'><strong>melius</strong></span> 
     </span>
     <span class='ocr_line' id='line_1_10' title="bbox 322 1329 1623 1373; baseline 0.001 -10"><span class='ocrx_word' id='word_1_73' title='bbox 322 1333 445 1373; x_wconf 84' lang='lat' dir='ltr'><strong>postea</strong></span> <span class='ocrx_word' id='word_1_74' title='bbox 473 1329 516 1362; x_wconf 90' lang='lat' dir='ltr'><strong>de</strong></span> <span class='ocrx_word' id='word_1_75' title='bbox 548 1330 667 1373; x_wconf 78' lang='lat' dir='ltr'><strong>patria</strong></span> <span class='ocrx_word' id='word_1_76' title='bbox 696 1330 845 1363; x_wconf 80' lang='lat' dir='ltr'><strong>meritus</strong></span> <span class='ocrx_word' id='word_1_77' title='bbox 875 1333 928 1363; x_wconf 85' lang='lat' dir='ltr'><strong>est</strong></span> <span class='ocrx_word' id='word_1_78' title='bbox 959 1333 1083 1363; x_wconf 84' lang='lat' dir='ltr'><strong>auctor</strong></span> <span class='ocrx_word' id='word_1_79' title='bbox 1111 1333 1243 1369; x_wconf 88' lang='lat' dir='ltr'><strong>noster,</strong></span> <span class='ocrx_word' id='word_1_80' title='bbox 1277 1329 1409 1363; x_wconf 87' lang='lat' dir='ltr'><strong>chartis</strong></span> <span class='ocrx_word' id='word_1_81' title='bbox 1445 1330 1623 1364; x_wconf 82' lang='lat' dir='ltr'><strong>veteribus</strong></span> 
     </span>
     <span class='ocr_line' id='line_1_11' title="bbox 321 1426 1625 1473; baseline 0.001 -12"><span class='ocrx_word' id='word_1_82' title='bbox 321 1427 525 1461; x_wconf 85' lang='lat' dir='ltr'><strong>monasterii</strong></span> <span class='ocrx_word' id='word_1_83' title='bbox 552 1428 607 1461; x_wconf 90' lang='lat' dir='ltr'><strong>sui</strong></span> <span class='ocrx_word' id='word_1_84' title='bbox 631 1428 674 1461; x_wconf 90' lang='lat' dir='ltr'><strong>de</strong></span> <span class='ocrx_word' id='word_1_85' title='bbox 695 1426 1020 1467; x_wconf 84' lang='lat' dir='ltr'><strong>Cambuskenneth,</strong></span> <span class='ocrx_word' id='word_1_86' title='bbox 1043 1426 1142 1473; x_wconf 67' lang='lat' dir='ltr'><strong>regia</strong></span> <span class='ocrx_word' id='word_1_87' title='bbox 1164 1428 1374 1462; x_wconf 87' lang='lat' dir='ltr'><strong>auctoritate</strong></span> <span class='ocrx_word' id='word_1_88' title='bbox 1391 1432 1427 1462; x_wconf 86' lang='lat' dir='ltr'><strong>et</strong></span> <span class='ocrx_word' id='word_1_89' title='bbox 1444 1428 1510 1462; x_wconf 92' lang='lat' dir='ltr'><strong>sub</strong></span> <span class='ocrx_word' id='word_1_90' title='bbox 1526 1429 1625 1462; x_wconf 85' lang='lat' dir='ltr'><strong>testi-</strong></span> 
     </span>
     <span class='ocr_line' id='line_1_12' title="bbox 322 1526 1623 1572; baseline 0.002 -13"><span class='ocrx_word' id='word_1_91' title='bbox 322 1526 442 1559; x_wconf 90' lang='lat' dir='ltr'><strong>monio</strong></span> <span class='ocrx_word' id='word_1_92' title='bbox 459 1526 580 1571; x_wconf 86' lang='lat' dir='ltr'><strong>magni</strong></span> <span class='ocrx_word' id='word_1_93' title='bbox 597 1526 718 1572; x_wconf 85' lang='lat' dir='ltr'><strong>sigilli,</strong></span> <span class='ocrx_word' id='word_1_94' title='bbox 735 1526 969 1570; x_wconf 84' lang='lat' dir='ltr'><strong>transcriptis,</strong></span> <span class='ocrx_word' id='word_1_95' title='bbox 987 1528 1008 1544; x_wconf 82' lang='lat'><strong>‘⁶</strong></span> <span class='ocrx_word' id='word_1_96' title='bbox 1022 1536 1103 1559; x_wconf 91' lang='lat' dir='ltr'><strong>cum</strong></span> <span class='ocrx_word' id='word_1_97' title='bbox 1116 1526 1212 1571; x_wconf 89' lang='lat' dir='ltr'><strong>jam&#39;&#39;</strong></span> <span class='ocrx_word' id='word_1_98' title='bbox 1224 1531 1267 1560; x_wconf 91' lang='lat' dir='ltr'><strong>ut</strong></span> <span class='ocrx_word' id='word_1_99' title='bbox 1284 1527 1335 1560; x_wconf 88' lang='lat' dir='ltr'><strong>ait</strong></span> <span class='ocrx_word' id='word_1_100' title='bbox 1351 1527 1426 1570; x_wconf 87' lang='lat' dir='ltr'><strong>ipse</strong></span> <span class='ocrx_word' id='word_1_101' title='bbox 1443 1529 1465 1544; x_wconf 91' lang='lat'><strong><em>“</em></strong></span> <span class='ocrx_word' id='word_1_102' title='bbox 1478 1531 1623 1571; x_wconf 89' lang='lat' dir='ltr'><strong>propter</strong></span> 
     </span>
     <span class='ocr_line' id='line_1_13' title="bbox 319 1623 1623 1670; baseline 0.002 -13"><span class='ocrx_word' id='word_1_103' title='bbox 319 1623 505 1657; x_wconf 90' lang='lat' dir='ltr'><strong>humorem</strong></span> <span class='ocrx_word' id='word_1_104' title='bbox 532 1629 568 1658; x_wconf 92' lang='lat' dir='ltr'><strong>et</strong></span> <span class='ocrx_word' id='word_1_105' title='bbox 593 1624 685 1658; x_wconf 86' lang='lat' dir='ltr'><strong>aeris</strong></span> <span class='ocrx_word' id='word_1_106' title='bbox 710 1624 912 1670; x_wconf 87' lang='lat' dir='ltr'><strong>rubiginem</strong></span> <span class='ocrx_word' id='word_1_107' title='bbox 939 1625 1006 1658; x_wconf 89' lang='lat' dir='ltr'><strong>loci</strong></span> <span class='ocrx_word' id='word_1_108' title='bbox 1032 1625 1167 1669; x_wconf 86' lang='lat' dir='ltr'><strong>aquosi,</strong></span> <span class='ocrx_word' id='word_1_109' title='bbox 1192 1626 1295 1669; x_wconf 81' lang='lat' dir='ltr'><strong>quasi</strong></span> <span class='ocrx_word' id='word_1_110' title='bbox 1319 1625 1623 1659; x_wconf 52' lang='lat' dir='ltr'><strong>absumerentur?</strong></span> 
     </span>
     <span class='ocr_line' id='line_1_14' title="bbox 319 1722 1624 1768; baseline 0.002 -12"><span class='ocrx_word' id='word_1_111' title='bbox 319 1722 527 1768; x_wconf 86' lang='lat' dir='ltr'><strong>Registrum</strong></span> <span class='ocrx_word' id='word_1_112' title='bbox 551 1723 604 1756; x_wconf 87' lang='lat' dir='ltr'><strong>ita</strong></span> <span class='ocrx_word' id='word_1_113' title='bbox 626 1722 835 1762; x_wconf 82' lang='lat' dir='ltr'><strong>confectum,</strong></span> <span class='ocrx_word' id='word_1_114' title='bbox 859 1723 1003 1756; x_wconf 91' lang='lat' dir='ltr'><strong>unicum</strong></span> <span class='ocrx_word' id='word_1_115' title='bbox 1025 1724 1063 1756; x_wconf 91' lang='lat' dir='ltr'><strong>in</strong></span> <span class='ocrx_word' id='word_1_116' title='bbox 1084 1722 1202 1757; x_wconf 88' lang='lat' dir='ltr'><strong>Scotia</strong></span> <span class='ocrx_word' id='word_1_117' title='bbox 1221 1722 1324 1757; x_wconf 64' lang='lat' dir='ltr'><strong>tanta</strong></span> <span class='ocrx_word' id='word_1_118' title='bbox 1339 1724 1549 1758; x_wconf 84' lang='lat' dir='ltr'><strong>auctoritate</strong></span> <span class='ocrx_word' id='word_1_119' title='bbox 1565 1724 1624 1758; x_wconf 93' lang='lat' dir='ltr'><strong>fir-</strong></span> 
     </span>
     <span class='ocr_line' id='line_1_15' title="bbox 319 1819 1604 1867; baseline 0.002 -13"><span class='ocrx_word' id='word_1_120' title='bbox 319 1825 466 1861; x_wconf 89' lang='lat' dir='ltr'><strong>matum,</strong></span> <span class='ocrx_word' id='word_1_121' title='bbox 484 1820 600 1854; x_wconf 84' lang='lat' dir='ltr'><strong>adhuc</strong></span> <span class='ocrx_word' id='word_1_122' title='bbox 616 1821 654 1854; x_wconf 91' lang='lat' dir='ltr'><strong>in</strong></span> <span class='ocrx_word' id='word_1_123' title='bbox 672 1820 883 1854; x_wconf 89' lang='lat' dir='ltr'><strong>bibliotheca</strong></span> <span class='ocrx_word' id='word_1_124' title='bbox 900 1821 1152 1854; x_wconf 86' lang='lat' dir='ltr'><strong>advocatorum</strong></span> <span class='ocrx_word' id='word_1_125' title='bbox 1170 1819 1374 1867; x_wconf 86' lang='lat' dir='ltr'><strong>Edinburgi</strong></span> <span class='ocrx_word' id='word_1_126' title='bbox 1391 1827 1604 1857; x_wconf 83' lang='lat' dir='ltr'><strong>asservatur.</strong></span> 
     </span>
    </p>

    <p class='ocr_par' dir='ltr' id='par_1_7' title="bbox 318 1917 1620 2162">
     <span class='ocr_line' id='line_1_16' title="bbox 370 1917 1619 1965; baseline 0.003 -14"><span class='ocrx_word' id='word_1_127' title='bbox 370 1917 460 1952; x_wconf 90' lang='lat' dir='ltr'><strong>Haec</strong></span> <span class='ocrx_word' id='word_1_128' title='bbox 482 1918 525 1953; x_wconf 89' lang='lat' dir='ltr'><strong>de</strong></span> <span class='ocrx_word' id='word_1_129' title='bbox 547 1921 701 1951; x_wconf 89' lang='lat' dir='ltr'><strong>auctore.</strong></span> <span class='ocrx_word' id='word_1_130' title='bbox 753 1917 902 1952; x_wconf 87' lang='lat' dir='ltr'><strong>Constat</strong></span> <span class='ocrx_word' id='word_1_131' title='bbox 919 1918 1015 1952; x_wconf 85' lang='lat' dir='ltr'><strong>hunc</strong></span> <span class='ocrx_word' id='word_1_132' title='bbox 1032 1919 1191 1953; x_wconf 87' lang='lat' dir='ltr'><strong>libellum</strong></span> <span class='ocrx_word' id='word_1_133' title='bbox 1210 1920 1253 1953; x_wconf 89' lang='lat' dir='ltr'><strong>de</strong></span> <span class='ocrx_word' id='word_1_134' title='bbox 1271 1920 1355 1954; x_wconf 80' lang='lat' dir='ltr'><strong>vitis</strong></span> <span class='ocrx_word' id='word_1_135' title='bbox 1374 1921 1619 1965; x_wconf 85' lang='lat' dir='ltr'><strong>episcoporum</strong></span> 
     </span>
     <span class='ocr_line' id='line_1_17' title="bbox 319 2016 1620 2065; baseline 0.004 -16"><span class='ocrx_word' id='word_1_136' title='bbox 319 2017 364 2050; x_wconf 87' lang='lat' dir='ltr'><strong>ad</strong></span> <span class='ocrx_word' id='word_1_137' title='bbox 386 2016 492 2050; x_wconf 91' lang='lat' dir='ltr'><strong>finem</strong></span> <span class='ocrx_word' id='word_1_138' title='bbox 515 2016 662 2050; x_wconf 91' lang='lat' dir='ltr'><strong>ductum</strong></span> <span class='ocrx_word' id='word_1_139' title='bbox 685 2027 759 2051; x_wconf 88' lang='lat' dir='ltr'><strong>esse</strong></span> <span class='ocrx_word' id='word_1_140' title='bbox 781 2028 874 2051; x_wconf 88' lang='lat' dir='ltr'><strong>anno</strong></span> <span class='ocrx_word' id='word_1_141' title='bbox 894 2018 1000 2052; x_wconf 87' lang='lat'>1515.</span> <span class='ocrx_word' id='word_1_142' title='bbox 1051 2018 1160 2052; x_wconf 90' lang='lat' dir='ltr'><strong>Liber</strong></span> <span class='ocrx_word' id='word_1_143' title='bbox 1176 2020 1439 2064; x_wconf 88' lang='lat' dir='ltr'><strong>manuscriptus</strong></span> <span class='ocrx_word' id='word_1_144' title='bbox 1457 2020 1501 2053; x_wconf 87' lang='lat' dir='ltr'><strong>ad</strong></span> <span class='ocrx_word' id='word_1_145' title='bbox 1519 2020 1620 2065; x_wconf 83' lang='lat' dir='ltr'><strong>cujus</strong></span> 
     </span>
     <span class='ocr_line' id='line_1_18' title="bbox 318 2113 1618 2162; baseline 0.004 -15"><span class='ocrx_word' id='word_1_146' title='bbox 318 2114 423 2148; x_wconf 89' lang='lat' dir='ltr'><strong>fidem</strong></span> <span class='ocrx_word' id='word_1_147' title='bbox 440 2118 476 2148; x_wconf 88' lang='lat' dir='ltr'><strong>et</strong></span> <span class='ocrx_word' id='word_1_148' title='bbox 493 2115 600 2149; x_wconf 89' lang='lat' dir='ltr'><strong>editio</strong></span> <span class='ocrx_word' id='word_1_149' title='bbox 618 2115 715 2159; x_wconf 88' lang='lat' dir='ltr'><strong>prior</strong></span> <span class='ocrx_word' id='word_1_150' title='bbox 734 2113 873 2161; x_wconf 79' lang='lat'><strong>(1823),</strong></span> <span class='ocrx_word' id='word_1_151' title='bbox 891 2120 997 2161; x_wconf 87' lang='lat' dir='ltr'><strong>atque</strong></span> <span class='ocrx_word' id='word_1_152' title='bbox 1017 2116 1095 2150; x_wconf 88' lang='lat' dir='ltr'><strong>haec</strong></span> <span class='ocrx_word' id='word_1_153' title='bbox 1113 2121 1245 2158; x_wconf 87' lang='lat' dir='ltr'><strong>nostra,</strong></span> <span class='ocrx_word' id='word_1_154' title='bbox 1267 2119 1363 2162; x_wconf 86' lang='lat' dir='ltr'><strong>typis</strong></span> <span class='ocrx_word' id='word_1_155' title='bbox 1387 2129 1515 2152; x_wconf 89' lang='lat' dir='ltr'><strong>excusa</strong></span> <span class='ocrx_word' id='word_1_156' title='bbox 1536 2118 1618 2158; x_wconf 84' lang='lat' dir='ltr'><strong>fuit,</strong></span> 
     </span>
    </p>
   </div>
   <div class='ocr_carea' id='block_1_6' title="bbox 318 2214 1617 2256">
    <p class='ocr_par' dir='ltr' id='par_1_8' title="bbox 318 2214 1617 2256">
     <span class='ocr_line' id='line_1_19' title="bbox 318 2214 1617 2256; baseline 0.003 -10"><span class='ocrx_word' id='word_1_157' title='bbox 318 2223 449 2256; x_wconf 88' lang='lat' dir='ltr'><strong>parvus</strong></span> <span class='ocrx_word' id='word_1_158' title='bbox 476 2217 529 2247; x_wconf 90' lang='lat' dir='ltr'><strong>est</strong></span> <span class='ocrx_word' id='word_1_159' title='bbox 554 2214 662 2247; x_wconf 84' lang='lat' dir='ltr'><strong>codex</strong></span> <span class='ocrx_word' id='word_1_160' title='bbox 688 2214 986 2254; x_wconf 80' lang='lat' dir='ltr'><strong>membranaceus,</strong></span> <span class='ocrx_word' id='word_1_161' title='bbox 1012 2215 1051 2249; x_wconf 91' lang='lat' dir='ltr'><strong>in</strong></span> <span class='ocrx_word' id='word_1_162' title='bbox 1075 2217 1147 2255; x_wconf 84' lang='lat' dir='ltr'><strong>4to,</strong></span> <span class='ocrx_word' id='word_1_163' title='bbox 1171 2217 1209 2249; x_wconf 93' lang='lat' dir='ltr'><strong>in</strong></span> <span class='ocrx_word' id='word_1_164' title='bbox 1235 2216 1445 2250; x_wconf 88' lang='lat' dir='ltr'><strong>bibliotheca</strong></span> <span class='ocrx_word' id='word_1_165' title='bbox 1469 2217 1617 2250; x_wconf 87' lang='lat' dir='ltr'><strong>advoca-</strong></span> 
     </span>
    </p>
   </div>
  </div>
 </body>
</html>
