1964 2894
480 411 605 442 VITAE
631 412 969 443 EPISCOPORUM
993 413 1424 443 DUNKELDENSIUM.
1556 414 1595 442 ,⁴225

296 515 492 559 gentesimo
505 516 723 560 sexagesimo
736 519 874 559 quarto.
900 515 975 549 Nec
993 517 1042 549 sic
1056 517 1170 549 lassus
1187 527 1291 560 opere
1306 520 1438 554 sancto,
1453 527 1592 559 campa-

294 597 364 629 nile
381 596 558 637 fundavit,
575 597 702 642 quinto
719 596 855 637 Martii,
877 608 971 631 anno
991 598 1126 631 domini
1147 597 1340 631 millesimo
1355 598 1594 643 quadringen-

293 678 418 711 tesimo
431 679 650 724 sexagesimo
663 689 757 712 nono
769 689 779 719 ς
794 684 830 712 et
843 680 1084 713 continuando
1099 690 1189 723 opus
1203 680 1241 712 in
1255 680 1368 713 altum
1382 683 1423 712 ut
1437 680 1593 712 cernitur

293 761 501 794 construxit.
519 759 571 794 Et
579 760 742 794 similiter
749 761 895 794 totalem
905 760 1052 795 domum
1063 761 1306 804 capitularem,
1313 762 1370 794 die
1378 761 1514 795 decimo
1524 765 1593 795 ter-

293 842 343 875 tio
360 842 592 875 kalendarum
605 840 754 886 Aprilis,
767 853 862 876 anno
879 842 1015 876 domini
1032 842 1222 876 millesimo
1240 842 1593 887 quadringentesimo

293 924 588 970 quinquagesimo
602 925 763 968 septimo,
776 924 954 965 fundavit,
969 928 1004 958 et
1017 929 1201 959 structura
1214 924 1455 958 munitissima
1465 924 1592 958 finivit.

293 1005 344 1039 Et
365 1006 488 1039 eodem
508 1017 613 1045 anno,
633 1006 815 1051 pacificata
831 1007 959 1051 patria,
980 1007 1159 1052 synodum
1180 1017 1283 1040 suam
1305 1006 1345 1040 in
1367 1006 1512 1040 ecclesia
1528 1017 1593 1040 sua

292 1088 419 1127 tenuit,
433 1098 516 1132 quae
533 1088 632 1132 prius
651 1098 790 1133 semper
805 1092 951 1133 propter
968 1088 1149 1122 roboriam
1167 1088 1452 1122 Catheranorum
1470 1092 1593 1122 contra

292 1170 540 1203 ecclesiasticos
558 1169 700 1210 factam,
722 1171 819 1215 apud
836 1170 999 1205 Tulilum
1020 1171 1134 1205 teneri
1155 1170 1260 1204 solita
1277 1174 1340 1204 est.
1396 1169 1467 1204 Hic
1484 1170 1591 1204 etiam

294 1251 455 1285 sacerdos
473 1262 626 1297 magnus
644 1256 680 1285 et
697 1251 859 1296 pontifex
875 1253 1118 1298 dignissimus,
1136 1263 1321 1296 nunquam
1340 1263 1362 1285 a
1379 1251 1471 1285 bono
1488 1263 1592 1296 opere

293 1343 445 1373 cessans,
465 1333 632 1367 fundavit
648 1338 794 1378 pontem
811 1345 918 1379 super
935 1345 1066 1379 aquam
1084 1335 1127 1367 de
1146 1333 1260 1378 Taya,
1280 1344 1390 1378 prope
1407 1344 1513 1367 suum
1531 1345 1593 1378 pa-

290 1416 428 1455 latium,
442 1416 575 1460 partim
592 1416 636 1450 de
652 1416 829 1460 lapidibus
847 1420 883 1450 et
900 1417 1030 1461 partim
1050 1417 1093 1450 de
1111 1416 1230 1462 ligniS,
1244 1416 1301 1449 die
1318 1420 1443 1450 octavo
1461 1417 1591 1450 mensis

289 1497 312 1530 J
313 1498 389 1537 ulii,
402 1509 496 1532 anno
509 1498 645 1532 domini
662 1499 850 1532 millesimo
863 1499 1214 1545 quadringentesimo
1232 1499 1451 1544 sexagesimo
1464 1499 1590 1542 primo.

290 1579 462 1612 Decorem
476 1583 597 1612 tamen
610 1580 764 1613 ecclesiae
777 1566 852 1613 suae
866 1580 1012 1613 minime
1026 1579 1168 1619 oblitus,
1182 1580 1301 1623 plures
1316 1584 1443 1619 vestes,
1458 1591 1586 1625 cappas

290 1671 406 1694 sacras
427 1660 660 1694 sacerdotales
684 1664 719 1694 et
739 1661 867 1695 sericas
885 1661 1045 1701 adduxit,
1063 1671 1218 1705 vasaque
1239 1666 1418 1707 argentea,
1438 1662 1506 1695 viZ.
1528 1673 1591 1696 sex

289 1742 512 1782 candelabra,
535 1753 649 1776 unum
672 1743 825 1782 calicem,
847 1743 935 1776 duas
959 1743 1109 1788 phiolas,
1131 1747 1202 1777 tres
1224 1744 1410 1788 ampullas,
1433 1744 1589 1788 pixidem

289 1824 464 1858 crismatis
476 1829 695 1870 argenteum,
707 1836 846 1859 crucem
860 1825 898 1859 in
911 1836 983 1870 qua
996 1829 1049 1859 est
1062 1836 1144 1869 pars
1159 1826 1272 1859 crucis
1285 1826 1473 1860 dominicae
1487 1827 1588 1872 ligni,

290 1907 447 1951 pixidem
472 1917 537 1951 pro
555 1905 766 1941 Eukaristia
787 1912 997 1954 argenteum
1022 1908 1108 1941 satis
1131 1908 1381 1952 ponderosum,
1406 1909 1589 1944 vasculum

291 1999 394 2033 aquae
414 1987 620 2029 benedictae,
638 1993 674 2023 et
690 1990 761 2024 duo
782 1990 981 2036 aspersoria
997 1990 1040 2024 de
1062 1993 1221 2036 argento,
1239 1990 1310 2024 duo
1330 1989 1514 2024 thuribula
1534 2001 1590 2024 ar-

290 2074 438 2116 gentea:
457 2069 557 2104 Fecit
574 2071 681 2105 etiam
699 2072 744 2105 ad
760 2072 878 2118 majus
896 2073 1019 2113 altare,
1033 2073 1253 2107 antemurale
1266 2072 1445 2117 depictum
1458 2072 1589 2119 viginti

290 2156 444 2197 quatuor
454 2153 634 2187 miraculis
645 2152 766 2188 Sancti
777 2153 974 2195 Columbae,
986 2159 1022 2189 et
1034 2155 1123 2189 duas
1137 2156 1288 2200 desuper
1298 2155 1482 2201 ymagines
1496 2155 1590 2201 ejus·

291 2234 382 2274 dem,
400 2235 488 2269 duas
506 2236 722 2280 columpnas,
744 2240 779 2270 et
796 2237 947 2282 desuper
965 2238 1054 2272 duos
1072 2239 1216 2283 angelos
1232 2248 1242 2278 ς
1265 2249 1305 2272 ac
1322 2238 1469 2272 honeste
1486 2237 1589 2282 quin-
