1964 2894
98 1452 141 1482 A.
158 1451 197 1482 1).
217 1450 307 1484 1447.

337 371 380 401 20
486 370 613 401 VITAE
638 370 975 402 EPISCOPORUM
1001 369 1435 402 DUNKELDENSIUM.

330 484 475 508 nerosus
489 474 696 520 cognomine
710 474 876 509 Forester
888 479 924 509 et
941 474 1054 509 officio
1066 474 1276 509 forestarius
1290 474 1333 508 de
1349 473 1537 513 Torwode,
1550 484 1634 507 casu

331 556 381 589 sic
391 556 551 601 contigit,
561 560 603 590 ut
613 556 707 589 idem
720 554 898 589 Robertus
909 555 1086 600 equitaret
1097 566 1221 590 versus
1233 555 1356 595 Perth,
1370 559 1406 589 et
1419 554 1465 588 ad
1482 554 1634 588 orienta-

330 638 399 670 lem
412 641 549 681 partem
567 636 720 670 ecclesiae
733 636 776 669 de
790 635 1040 682 Outhergavin
1057 636 1203 670 obvium
1216 636 1343 671 habuit
1360 637 1496 671 dictum
1510 635 1636 669 Fores-

333 722 396 757 ter,
414 717 476 761 qui
494 721 529 751 et
547 717 621 761 ipse
638 721 715 751 erat
731 728 840 762 nepos
858 717 1012 762 episcopi
1029 728 1073 751 ex
1090 728 1220 757 sorore,
1238 722 1275 751 et
1291 717 1410 752 subito
1427 729 1464 751 se
1482 717 1634 751 invicem

334 798 369 831 vi
387 798 627 842 impulerunt3
652 797 714 832 ubi
734 797 912 832 Robertus
931 798 1109 832 lethaliter
1130 799 1340 833 vulneratus
1362 799 1401 832 in
1418 799 1544 843 capite,
1562 809 1634 832 non

333 879 454 913 statim
480 878 654 919 occubuit,
676 879 738 913 sed
760 879 864 925 ligari
882 878 1014 913 faciens
1038 884 1145 924 caput
1166 880 1312 919 lintheo,
1331 880 1430 914 venit
1452 879 1564 914 Perth
1588 880 1632 913 ad

332 958 478 1004 Regem,
492 964 527 993 et
544 960 724 1004 expedivit
737 970 838 994 suam
851 970 981 994 novam
996 959 1270 994 infeodationem
1288 964 1466 994 terrarum
1480 960 1523 994 de
1537 959 1635 994 Stro-

330 1050 441 1080 wane,
467 1041 505 1074 in
530 1041 725 1074 mercedem
750 1052 815 1085 pro
841 1042 1002 1086 captione
1025 1041 1192 1087 Magistri
1214 1040 1386 1081 Atholie3
1422 1046 1458 1075 et
1483 1041 1634 1081 rediens,

330 1127 432 1166 capta
455 1122 683 1167 possessione,
708 1122 894 1163 occubuit3
925 1127 961 1156 et
984 1123 1022 1156 in
1046 1123 1122 1168 ejus
1144 1123 1269 1157 mortis
1293 1122 1499 1162 vindictam,
1518 1122 1633 1156 tribus

330 1201 638 1248 Clandonnoquhy
661 1214 800 1248 semper
822 1204 908 1237 dum
926 1210 1099 1238 vocantur
1122 1205 1167 1237 ad
1192 1203 1324 1238 bellum
1347 1204 1486 1250 regium
1510 1208 1633 1238 contra

328 1284 479 1331 Anglos,
499 1286 675 1319 invadunt
698 1290 734 1319 et
751 1286 968 1330 depopulant
991 1290 1104 1319 terras
1122 1286 1165 1319 de
1184 1285 1370 1319 Torwode.
1415 1284 1554 1319 Nobilis
1574 1286 1630 1318 vir

329 1366 396 1399 iste
413 1366 556 1400 tandem
574 1366 619 1400 ad
632 1367 811 1400 ecclesiam
826 1366 1082 1412 Glasguensem
1098 1367 1293 1400 translatus
1307 1371 1372 1406 est,
1386 1370 1421 1400 et
1434 1367 1535 1412 regni
1550 1377 1631 1400 con-

335 1448 482 1481 stitutus
509 1447 758 1487 CanceHarius,
784 1459 878 1482 anno
905 1449 1039 1482 domini
1065 1448 1253 1482 millesimo
1280 1448 1630 1494 quadringentesimo

330 1529 599 1574 quadragesimo
617 1529 777 1574 septimo.
805 1529 872 1563 Cui
891 1530 935 1562 ad
953 1530 1220 1574 requisitionem
1238 1530 1373 1575 regiam
1392 1530 1559 1563 successit
1577 1541 1631 1563 re-

330 1611 385 1655 gis
403 1610 621 1648 secretarius,

380 1857 645 1892 MAGISTER
661 1857 685 1891 J
687 1857 935 1892 OHANNES
949 1858 1146 1899 Ralstoun3
1166 1864 1201 1892 et
1213 1859 1312 1892 stetit
1323 1859 1505 1902 episcopus
1514 1859 1558 1892 ad
1570 1869 1632 1892 an-

332 1951 395 1974 nos
413 1940 551 1974 circiter
568 1944 723 1985 quatuor
738 1949 747 1973 ς
773 1939 854 1979 Quo
871 1945 1029 1984 tempore
1043 1940 1281 1985 provisionem
1296 1938 1379 1973 fecit
1392 1940 1434 1973 de
1453 1939 1628 1983 lapidibus

333 2022 435 2055 sectis
462 2026 497 2055 et
524 2022 707 2066 quadratis
734 2032 778 2055 ex
808 2022 971 2065 lapicidio
997 2022 1040 2055 de
1066 2021 1270 2061 Burnbane,
1298 2032 1363 2065 pro
1393 2021 1632 2055 continuando

333 2114 437 2146 opere
454 2103 556 2136 navis
573 2104 737 2142 ecclesiae,
756 2103 895 2147 incepto
918 2113 981 2148 per
998 2103 1289 2147 praedecessorem
1307 2113 1413 2136 suum
1434 2102 1630 2135 Robertum

332 2184 518 2228 Cardeny3
536 2189 572 2218 et
584 2189 626 2218 ut
642 2195 708 2229 ego
725 2185 875 2228 scriptor
887 2184 1117 2228 praesentim
1135 2184 1267 2223 audivi,
1285 2184 1372 2218 adeo
1388 2181 1534 2227 optabat
1551 2193 1633 2216 con-
