2106 2894
406 358 475 389 104
695 354 965 388 COMPOTUM
988 356 1221 389 MAGISTRI
1242 356 1446 389 FABRICE

404 466 563 510 lapidum
585 467 778 500 muralium
801 468 846 501 ad
868 478 957 512 opus
981 468 1100 512 pontis
1123 478 1205 502 cum
1226 466 1438 512 quibusdam
1455 468 1548 502 circa
1564 466 1714 500 chorum

405 546 542 583 ecclefie
561 548 774 583 Dunkelden
792 549 838 584 ad
855 549 973 584 oriens
992 554 1028 584 et
1045 550 1190 584 boream
1207 551 1333 584 locatis
1345 555 1381 585 et
1391 551 1470 584 aliis
1488 548 1612 584 subtus
1627 548 1718 583 Tul-

405 631 544 676 lymuly
568 642 679 676 prope
706 635 900 666 torrentem
926 633 989 678 viij
1014 633 1051 666 li.
1071 633 1121 679 xij
1142 635 1167 667 ἔ.
1186 633 1221 679 vj
1242 631 1277 667 d.
1322 632 1373 667 Et
1400 633 1572 667 allocatur
1601 631 1716 665 eidem

405 723 468 756 per
489 714 707 758 empcionem
731 715 879 759 pellium
904 715 1115 760 equinarum
1141 716 1375 749 vitulinarum
1399 719 1434 748 et
1452 715 1605 749 aliarum
1623 725 1663 748 ac
1680 714 1718 748 in

404 795 600 829 mercedem
623 795 755 830 laboris
778 795 939 831 sutorum
963 797 1046 831 inde
1063 796 1271 831 facientium
1288 796 1430 842 piphias
1449 808 1489 831 ac
1508 795 1557 830 lie
1569 794 1718 842 Noppz's

405 882 441 911 et
458 879 707 912 correctionem
728 879 934 924 piphiarum
953 891 1017 925 per
1033 884 1175 924 tempus
1192 879 1347 924 compoti
1370 880 1472 925 xlviij
1493 882 1518 914 ἒ.
1537 891 1563 914 x
1579 877 1613 913 d.
1666 878 1717 913 Et

405 960 576 996 allocatur
589 960 701 995 eidem
720 972 784 1006 per
797 962 1016 1006 empcionem
1034 960 1250 1006 postelarum
1269 966 1305 996 et
1321 960 1370 995 lie
1385 960 1495 996 Polis
1509 963 1553 996 ad
1569 962 1717 996 veredos

404 1054 468 1088 per
490 1048 630 1088 tempus
652 1044 806 1088 compoti
831 1044 865 1089 vj
890 1046 916 1077 ἔ.
939 1044 1002 1089 viij
1026 1041 1060 1077 d.
1113 1043 1164 1078 Et
1190 1045 1364 1078 allocatur
1389 1045 1503 1078 eidem
1529 1055 1593 1089 per
1619 1055 1716 1089 emp-

405 1127 540 1160 cionem
561 1126 682 1171 pabuli
704 1126 751 1160 ad
772 1127 919 1161 veredos
943 1138 1007 1171 per
1031 1131 1171 1172 tempus
1195 1127 1350 1172 compoti
1375 1138 1529 1161 unacum
1556 1123 1716 1171 expenfis

405 1209 630 1252 portantibus
655 1208 749 1243 idem
775 1210 819 1243 ad
843 1210 990 1243 veredos
1014 1220 1078 1254 per
1101 1210 1196 1243 idem
1219 1214 1361 1254 tempus
1385 1210 1539 1254 compoti
1557 1210 1668 1254 xxxvj
1689 1211 1715 1242 ἔ.

406 1291 453 1336 vij
485 1289 518 1325 d.
594 1291 645 1325 Et
675 1292 848 1326 allocatur
877 1293 990 1326 eidem
1022 1302 1085 1337 per
1114 1292 1364 1326 liberacionem
1396 1292 1528 1326 factam
1558 1291 1714 1326 Domino

408 1373 554 1420 Hugoni
574 1373 673 1419 Gray
689 1373 846 1419 prefecto
865 1375 980 1419 operis
999 1374 1041 1408 de
1059 1375 1228 1409 mandato
1245 1375 1381 1409 domini
1401 1376 1447 1408 ad
1463 1385 1600 1419 pannos
1618 1372 1673 1408 xltj
1689 1377 1713 1408 ἔ.

406 1455 455 1490 Et
482 1456 637 1491 Domino
662 1457 796 1492 Jacobo
825 1455 1033 1491 Henderson
1059 1459 1162 1492 alteri
1188 1457 1345 1502 prefecto
1368 1458 1484 1502 operis
1507 1468 1572 1502 pro
1593 1456 1716 1491 tabula

404 1538 466 1573 sua
488 1550 550 1583 per
572 1539 767 1574 absenciam
792 1540 926 1574 domini
945 1545 980 1574 et
998 1544 1139 1585 tempus
1157 1541 1311 1585 compoti
1330 1540 1366 1586 vj
1386 1540 1423 1573 li.
1443 1550 1466 1573 v
1484 1542 1510 1573 ἕ.
1562 1538 1614 1573 Et
1632 1540 1717 1573 allo-

405 1626 506 1655 catur
523 1623 635 1656 eidem
654 1634 716 1667 per
734 1624 952 1668 empcionem
971 1624 1016 1657 ad
1034 1623 1180 1657 veredos
1204 1624 1247 1657 de
1271 1623 1385 1669 xxviij
1391 1620 1615 1667 filcaikillz‘s
1632 1622 1718 1656 deli-

405 1704 534 1738 beratis
560 1701 694 1738 custodi
721 1705 757 1738 in
784 1703 893 1739 estate
918 1683 994 1749 Xffij
1024 1702 1058 1738 d.
1110 1703 1163 1739 Et
1191 1716 1255 1750 per
1280 1705 1499 1750 empcionem
1531 1705 1640 1739 trium
1669 1702 1717 1737 lie

410 1785 529 1820 Sewis
547 1786 591 1820 ad
609 1787 853 1820 mundandum
872 1797 1016 1820 arenam
1037 1787 1100 1832 xiij
1120 1785 1154 1821 d.
1206 1786 1258 1820 Et
1282 1797 1346 1831 per
1363 1787 1581 1831 empcionem
1600 1785 1718 1831 smyg-

405 1868 510 1902 matis
529 1872 564 1902 et
581 1867 724 1902 sulfuris
742 1869 786 1902 ad
813 1879 944 1913 equum
966 1874 1132 1903 vocatum
1160 1867 1247 1902 blak
1266 1868 1394 1903 towris
1411 1867 1602 1903 scabiosum
1627 1869 1663 1914 xj
1683 1867 1717 1902 d.

404 1949 455 1985 Et
472 1962 536 1995 per
553 1951 771 1995 empcionem
785 1955 940 1996 quatuor
959 1949 1007 1985 lie
1011 1949 1186 1997 choippis
1199 1952 1244 1986 ad
1257 1952 1452 1996 querellam
1470 1952 1587 1995 precio
1602 1952 1715 1985 omni-

342 2031 352 2046 ·’
405 2043 465 2066 um
483 2010 561 2077 xi‘iij
580 2029 614 2066 d.
666 2030 718 2066 Et
735 2033 848 2066 eidem
866 2043 929 2077 per
946 2033 1164 2077 empcionem
1181 2031 1450 2067 necessariorum
1468 2033 1513 2067 ad
1538 2031 1715 2067 stabulum

406 2115 616 2148 veredorum
633 2114 671 2148 in
688 2113 903 2149 Dunkelden
920 2125 986 2159 pro
1008 2115 1125 2160 primo
1146 2126 1239 2150 anno
1256 2120 1293 2150 et
1310 2126 1434 2150 eorum
1451 2112 1611 2160 expenfis
1637 2114 1718 2150 mis-

406 2195 522 2231 sorum
540 2197 584 2231 ad
603 2196 733 2232 Pertht
749 2207 815 2242 pro
832 2197 1054 2242 imponendis
1071 2197 1174 2232 ferris
1191 2196 1295 2243 super
1311 2199 1400 2233 rotis
1417 2199 1584 2233 redarum
1598 2198 1673 2244 xvij
1690 2200 1715 2232 ἒ.

2083 687 2095 705 *t

2081 762 2097 806 ἐ

2085 827 2096 884 ἓ

2084 906 2095 955 ἔ

2083 963 2096 1000 Ξ

2083 1002 2099 1032 ἵ,
