2106 2894
670 401 839 434 PONTIS
861 399 1233 433 DUNKELDENSIS.
1540 405 1612 440 107

303 514 429 548 dorum
455 512 590 548 custodi
616 525 638 547 a
661 512 792 560 xxiiijto
817 513 1033 548 Novembris
1060 512 1144 546 anni
1171 517 1231 546 '²1:0⁴
1255 512 1291 545 vc
1313 511 1363 557 xij
1392 511 1431 545 in
1456 511 1551 545 diem
1577 517 1612 546 et

303 678 365 724 viij
385 677 419 713 d.
463 678 514 730 Et
532 680 705 713 allocatur
722 679 835 712 eidem
854 689 919 722 per
935 677 1186 711 liberacionem
1203 676 1334 711 factam
1351 675 1376 709 J
1377 676 1511 710 ohanni
1529 675 1613 710 Scot

300 760 362 804 qui
379 761 480 804 prius
497 760 616 794 fuerat
640 758 763 794 servus
788 759 924 792 Decani
946 758 1097 792 intranti
1119 759 1165 791 ad
1189 769 1278 802 opus
1300 758 1419 802 pontis
1442 755 1613 803 vigefimo

299 841 416 885 primo
437 841 653 875 Novembris
677 841 763 875 anni
787 845 847 874 ffic⁴
866 842 901 874 v⁰
917 837 1002 885 ijmx
1025 844 1212 884 recepturo
1234 840 1396 874 modium
1417 840 1552 874 fan-ine
1574 842 1613 875 in

299 921 494 968 septimana
511 928 547 958 et
564 928 643 958 octo
661 923 825 958 denarios
843 923 867 968 ij
888 925 914 956 ἔ.
957 921 1010 956 Et
1028 923 1201 956 allocatur
1218 922 1333 956 eidem
1350 934 1414 967 per
1430 922 1613 957 liberacio-

299 1017 381 1039 nem
406 1005 538 1040 factam
565 1005 796 1039 M⁰Walkane
821 1004 949 1038 seniori
972 1005 1110 1050 regenti
1134 1016 1267 1049 equum
1291 1009 1328 1039 et
1353 1003 1518 1039 trahame
1544 1016 1610 1050 pro

300 1088 479 1133 lapidibus
504 1089 741 1133 importandis
764 1089 809 1121 ad
827 1085 874 1121 lie
891 1084 1055 1121 bulwarlc
1072 1087 1111 1120 in
1128 1087 1326 1121 mercedem
1346 1086 1479 1122 laboris
1501 1088 1565 1133 xiij
1585 1091 1611 1122 ἔ.

299 1171 351 1216 iiij
371 1169 406 1204 d.
457 1170 508 1204 Et
526 1171 699 1204 allocatur
716 1170 830 1204 eidem
851 1181 915 1214 per
939 1169 1213 1204 defalcacionem
1236 1169 1368 1204 factam
1392 1172 1612 1215 compotanti

301 1263 346 1286 ex
362 1264 403 1286 eo
421 1253 518 1297 quod
535 1250 669 1286 restant
687 1253 726 1285 in
743 1252 820 1297 ejus
839 1256 1002 1296 compoto
1020 1252 1211 1286 decanatus
1228 1252 1367 1286 reddito
1385 1253 1481 1297 apud
1495 1253 1612 1298 Clony

299 1335 427 1369 ultimo
445 1334 501 1368 die
519 1331 647 1368 menfis
666 1333 884 1374 Decembris,
909 1334 994 1367 anni
1014 1338 1073 1367 'tc‘
1092 1335 1128 1367 vc
1145 1334 1323 1368 undecimi
1373 1333 1426 1368 Et
1443 1338 1612 1369 oneratur

299 1417 342 1450 de
359 1427 453 1450 novo
471 1417 509 1450 in
527 1417 691 1460 proximo
709 1421 873 1460 compoto
888 1416 1079 1450 decanatus
1092 1417 1276 1461 preceden.
1290 1417 1333 1450 de
1346 1415 1484 1450 summa
1496 1417 1609 1451 decim

299 1498 472 1532 librarum
499 1503 534 1532 et
551 1499 588 1531 in
606 1498 673 1532 hoc
691 1503 855 1542 compoto
873 1499 916 1532 de
933 1499 1056 1532 eadem
1073 1497 1210 1533 summa
1235 1499 1348 1533 decim
1375 1498 1549 1533 librarum
1574 1504 1610 1533 et

301 1581 356 1615 bis
375 1585 544 1615 oneratur
561 1592 585 1614 x
602 1581 639 1614 li.

401 1745 549 1780 Summa
567 1746 727 1780 omnium
745 1745 977 1790 expensarum
994 1758 1059 1791 per
1076 1751 1216 1792 tempus
1234 1747 1389 1792 compoti
1406 1747 1499 1781 circa
1516 1746 1611 1781 Pon-

448 1832 521 1862 tem
542 1828 606 1873 vijc
623 1829 713 1873 xliiij
732 1829 769 1862 li.
788 1829 812 1874 ij
834 1831 859 1862 ἔ.
878 1829 927 1875 vij
943 1839 960 1872 3
979 1829 1013 1863 d.
1064 1829 1116 1863 Et
1133 1827 1179 1863 fic
1196 1829 1301 1864 debet
1318 1834 1523 1875 compotans
1544 1841 1609 1875 pro

449 1910 579 1955 quibus
597 1909 820 1956 respondebit
838 1911 993 1946 Domino
1010 1912 1072 1946 xlv
1089 1912 1126 1946 li.
1144 1911 1193 1958 vij
1214 1914 1240 1946 's'-
1258 1911 1307 1958 vij
1320 1921 1339 1956 3
1355 1909 1390 1946 d.
