2044 2906
371 393 414 424 42
526 393 654 425 VITAE
678 393 1016 425 EPISCOPORUM
1039 389 1472 424 DUNKELDENSIUM.

366 498 433 532 hoc
459 498 619 532 omnium
645 497 892 532 canonicorum
920 507 1076 537 assensu,
1099 497 1137 531 in
1160 494 1388 541 ptaebendam
1415 492 1558 527 reduxit
1573 500 1582 524 :
1612 490 1664 525 Et

370 579 455 623 quia
471 579 517 613 ad
529 579 812 623 supportandum
829 589 919 612 onus
936 577 1201 623 hospitalitatis,
1218 575 1357 610 fructus
1370 579 1548 609 terrarum
1562 573 1670 607 exiles

371 665 494 701 erant3
512 660 590 694 ideo
608 664 820 705 conquestus
837 664 891 694 est
904 664 1017 694 terras
1030 659 1074 693 de
1087 657 1313 698 Litilkethik‚
1326 661 1363 692 et
1375 655 1578 702 praebendae
1591 654 1671 689 uni-

372 742 424 775 vit
441 741 621 776 ecclesiam
638 742 681 776 de
699 740 914 788 Logybride,
931 745 967 775 et
984 740 1066 775 inde
1082 740 1296 786 magistrum
1313 737 1471 773 instituit
1488 736 1673 782 hospitali-

372 823 467 863 tatis,
481 827 517 857 et
529 827 663 868 septem
676 833 848 868 pauperes
861 833 925 867 per
937 833 1018 856 eum
1032 822 1205 868 regendos
1215 824 1251 855 et
1261 819 1524 859 sustentandos,
1537 819 1671 864 ipsum-

372 915 441 948 que
467 904 678 950 magistrum
703 904 857 938 ecclesiae
882 914 958 938 suae
980 903 1200 942 canonicum,
1226 901 1576 946 ceremoniarumque
1598 910 1673 934 ma-

372 987 525 1033 gistrum
547 990 583 1020 et
600 986 767 1020 continuo
784 985 1008 1024 residentem,
1025 995 1089 1029 per
1105 995 1174 1029 que
1197 983 1393 1027 capitulum
1416 991 1523 1016 suum
1546 981 1592 1015 ad
1608 981 1675 1015 hoc

372 1067 585 1113 eligendum,
603 1071 639 1101 et
652 1067 952 1112 praesentandum,
970 1065 1171 1106 ordinavit3
1195 1069 1303 1110 prout
1321 1065 1359 1098 in
1376 1063 1592 1098 reductionis
1609 1062 1677 1096 hu-

369 1148 527 1194 Jusmodi
537 1147 757 1188 fundatione,
773 1148 984 1182 auctoritate
1001 1147 1193 1192 apostolica
1210 1146 1427 1185 confirmata,
1445 1145 1583 1189 plenius
1601 1155 1676 1178 mo-

376 1229 547 1264 dificatur.

426 1392 478 1428 Et
494 1393 579 1438 quia
601 1398 643 1428 ut
666 1393 910 1438 praescribitur
936 1394 1045 1438 pestis
1070 1392 1237 1438 epidimie
1260 1391 1469 1437 pullulabat,
1492 1391 1678 1426 attendens

376 1474 537 1520 pontifex
559 1475 751 1519 praedictus
772 1475 955 1509 raritatem
978 1474 1234 1519 parochialium
1256 1474 1493 1514 ecclesiarum,
1517 1478 1553 1507 et
1575 1484 1681 1519 prop-

377 1562 474 1591 terea
498 1557 544 1591 ad
568 1555 695 1591 funera
720 1567 930 1591 coneursum
952 1556 1064 1591 totius
1089 1557 1218 1600 patriae
1244 1556 1507 1600 periculosum3
1538 1560 1574 1589 et
1597 1556 1682 1599 quia

378 1638 545 1683 parochia
573 1643 660 1672 tunc
686 1637 787 1672 Litill
813 1637 983 1672 Dunkeld
1008 1642 1224 1682 nuncupata,
1250 1638 1324 1671 lata
1348 1641 1426 1672 erat
1451 1641 1487 1671 et
1512 1636 1682 1681 dispersa,

380 1719 530 1754 sedecim
552 1719 687 1754 habens
709 1719 864 1753 miliaria
888 1719 1136 1766 longitudinis,
1162 1720 1241 1753 ideo
1265 1718 1364 1753 illam
1385 1719 1530 1759 divisit3
1566 1719 1683 1763 primo

381 1802 418 1835 in
432 1801 520 1836 duas
537 1800 733 1845 parochias,
746 1811 855 1834 unam
869 1800 1105 1845 parochialem
1124 1801 1167 1834 de
1182 1800 1284 1834 Litill
1298 1799 1467 1834 Dunkeld
1484 1800 1683 1844 antiquitus

382 1887 620 1918 constructam
633 1893 642 1923 ;
662 1882 769 1917 aliam
782 1882 825 1916 de
839 1881 988 1927 Capeth‚
1002 1882 1064 1916 ubi
1078 1882 1151 1916 suis
1169 1881 1372 1927 sumptibus
1385 1881 1533 1916 chorum
1551 1882 1684 1915 struxit

383 1970 418 1999 et
440 1964 605 2004 ornavit3
633 1964 771 2008 depicto
794 1964 1018 2004 antemurali,
1035 1963 1208 1998 fenestras
1226 1963 1320 1998 vitro
1338 1964 1529 2003 decoravit,
1552 1967 1588 1997 et
1605 1974 1686 2008 par-

385 2057 465 2080 vam
489 2045 659 2079 vicariam
677 2055 786 2090 quam
808 2045 934 2079 habuit
952 2045 1067 2079 mitrae
1090 2055 1277 2084 annexam,
1296 2044 1429 2079 vicario
1451 2045 1488 2079 in
1511 2048 1687 2080 sustenta-

385 2126 529 2167 tionem,
550 2137 703 2160 unacum
719 2131 840 2161 monte
862 2127 899 2161 in
921 2138 992 2172 quo
1009 2126 1175 2161 fundavit
1198 2127 1391 2167 ecclesiam,
1409 2127 1509 2172 prius
1532 2127 1688 2173 vulgari-

385 2213 439 2242 ter
462 2214 704 2253 nuncupatam
722 2208 911 2248 thehill,
929 2213 964 2242 et
990 2213 1145 2254 quatuor
1168 2219 1266 2243 acras
1290 2213 1397 2244 terrae
1415 2209 1453 2243 in
1470 2208 1610 2255 glebam
1635 2219 1688 2241 ec-
