1964 2894
525 397 649 430 VITAE
674 398 1012 430 EPISCOPORUM
1036 397 1471 430 DUNKELDENSIUM.
1594 398 1636 430 19

388 582 654 618 MAGISTER
678 583 1005 618 ALEXANDER
1028 584 1182 623 Lauder,
1201 583 1335 617 Rector
1353 583 1397 617 de
1415 581 1547 622 Ratho,
1564 593 1643 628 ger-

339 675 466 699 manus
479 664 651 699 Willelmi
662 666 814 710 episcopi
828 665 1070 711 Glasguensis,
1084 664 1298 699 Cancellarii
1319 663 1459 704 Scotiae,
1473 664 1618 709 eligitur
1631 674 1640 703 ;

339 750 374 779 et
397 746 635 786 confirmatur,
652 746 715 792 qui
732 746 891 780 nondum
908 750 1131 780 consecratus
1148 757 1212 790 per
1235 756 1370 780 annum
1386 746 1486 780 stetit
1509 746 1640 779 electus

339 831 523 870 promotus
535 827 581 861 ad
593 827 774 861 ecclesiam
785 827 1087 868 Dunkeldensem,
1099 827 1138 861 in
1151 838 1271 861 mense
1285 826 1388 872 Maij,
1399 837 1493 860 anno
1504 826 1640 860 domini

339 909 527 943 millesimo
543 909 894 956 quadringentesimo
910 909 1203 955 quadragesimo3
1225 913 1260 943 et
1278 909 1316 942 in
1333 909 1494 953 sequenti
1511 918 1632 942 mense

341 989 517 1029 Octobris,
534 990 592 1024 die
608 990 806 1031 undecimo,
824 1001 917 1025 anno
935 991 1070 1026 domini
1087 990 1276 1025 millesimo
1293 989 1642 1035 quadringentesimo

339 1071 620 1116 quadragesimo,
633 1070 837 1118 Edinburgi
851 1073 1013 1113 moritur,
1026 1077 1063 1107 et
1079 1083 1160 1106 cum
1173 1071 1334 1116 patribus
1352 1072 1426 1106 suis
1439 1072 1478 1105 in
1494 1070 1637 1105 ecclesia

340 1152 383 1185 de
401 1151 544 1186 Lauder
560 1153 719 1196 sepultus
738 1158 800 1187 est.
852 1152 921 1188 Cui
938 1164 1002 1198 per
1018 1154 1222 1188 electionem
1240 1153 1406 1188 successit

389 1395 656 1432 MAGISTER
684 1396 908 1432 JACOBUS
937 1397 1064 1438 Bruse,
1091 1402 1206 1432 rector
1236 1397 1280 1431 de
1311 1396 1506 1441 Kylmany,
1538 1399 1574 1429 et
1600 1396 1639 1429 in

338 1476 613 1525 Dunfermeling
634 1483 857 1514 consecratus
881 1483 945 1519 est,
963 1479 1140 1513 dominica
1158 1479 1196 1512 in
1217 1477 1496 1523 Septuagesima‚
1513 1481 1640 1521 quarto

338 1557 536 1600 Februarii,
551 1571 645 1594 anno
658 1561 793 1594 domini
806 1560 993 1594 millesimo
1006 1559 1355 1605 quadringentesimo
1369 1558 1639 1604 quadragesimo

341 1639 457 1683 primo
472 1649 480 1673 :
498 1639 571 1674 Ubi
589 1641 689 1675 stetit
706 1641 888 1685 episcopus
906 1651 969 1674 sex
986 1641 1100 1681 annis,
1117 1641 1368 1684 ecclesiamque
1385 1650 1487 1674 suam
1501 1640 1640 1673 decora-

337 1721 391 1755 vit
409 1721 564 1766 pretiosa
584 1732 697 1767 cappa
714 1726 749 1756 et
765 1727 923 1767 quatuor
944 1722 1108 1766 pretiosis
1127 1722 1362 1755 vestimentis:
1389 1720 1441 1754 Et
1458 1721 1638 1754 ecclesiam

336 1802 379 1835 de
397 1801 551 1836 Abernit
572 1803 768 1849 assignavit
785 1807 939 1847 quatuor
955 1803 1096 1837 vicariis
1113 1802 1211 1836 chori
1229 1802 1492 1836 Dunkeldensis
1510 1802 1638 1846 imper-

335 1887 495 1928 petuum,
512 1895 605 1918 anno
626 1885 761 1918 domini
782 1884 969 1919 millesimo
995 1884 1345 1930 quadringentesimo
1366 1884 1636 1930 quadragesimo

338 1969 447 1999 sexto.
492 1964 563 2000 Hic
580 1966 638 2000 vir
660 1970 827 2001 strenuus
849 1970 927 2000 erat
947 1970 983 2001 et
1000 1966 1151 2001 viriliter
1168 1977 1277 2013 agens
1295 1970 1419 2001 contra
1442 1966 1637 2010 alpinates:

334 2045 536 2080 Tirannum
550 2051 673 2081 contra
681 2047 861 2082 ecclesiam
872 2047 998 2082 habuit
1005 2047 1203 2082 Robertum
1210 2047 1331 2082 Reoch
1338 2047 1636 2092 Makdonoquhy3

334 2132 371 2162 et
393 2128 478 2173 quia
502 2128 597 2162 idem
617 2129 780 2163 tirannus
801 2129 1008 2173 depopulari
1030 2128 1162 2163 fecerat
1182 2133 1297 2163 terras
1319 2128 1569 2163 ecclesiasticas
1593 2129 1635 2162 de

335 2208 437 2244 Litiu
453 2209 678 2251 Dunkelden,
694 2221 782 2255 quas
799 2221 864 2255 pro
881 2215 1040 2255 tempore
1057 2210 1246 2246 conductas
1263 2209 1392 2246 habuit
1408 2210 1555 2255 quidam
1575 2220 1635 2255 ge-

1663 1074 1703 1103 A.
1723 1072 1762 1103 D.
1782 1074 1871 1104 1440.
