2106 2894
701 393 870 426 PONTIS
893 393 1261 426 DUNKELDENSIS.
1564 399 1634 432 123

330 506 482 540 eundem
504 506 597 539 diem
621 516 715 540 anno
738 506 901 540 revoluto
918 506 1070 550 capienti
1087 516 1151 550 per
1168 516 1303 540 annum
1321 504 1506 539 duodecim
1524 505 1634 539 libras

330 585 506 621 trisdecim
525 586 652 621 solidos
669 592 706 621 et
722 590 801 621 octo
818 587 981 621 denarios
1003 587 1053 633 vij
1071 587 1108 620 li.
1126 587 1166 633 iij
1186 588 1211 621 ἕ.
1230 565 1282 632 iiij
1301 583 1336 621 d.
1388 585 1440 619 Et
1463 586 1636 620 allocatur

331 668 445 707 eidem
469 679 533 713 per
555 668 803 703 liberacionem
820 668 952 703 factam
969 668 993 702 J
994 669 1127 703 ohanni
1144 667 1331 703 Anderson
1347 668 1474 702 latimo
1490 667 1528 702 in
1546 679 1638 702 mer-

332 750 451 784 cedem
474 749 527 784 sui
553 751 685 785 laboris
712 755 750 784 et
774 750 895 784 David
922 750 1047 785 Powte
1069 749 1123 784 sui
1145 750 1273 784 famuli
1296 751 1459 785 conduct.
1486 751 1639 785 decimo-

331 834 457 865 octavo
482 832 539 865 die
564 829 692 865 menfis
718 831 819 877 Junij
847 842 941 865 anno
968 836 1028 865 ‘tc‘
1050 833 1086 866 v⁶
1109 832 1374 876 decimoquinto
1399 843 1465 876 pro
1489 831 1638 867 sedecim

332 911 450 947 solidis
477 913 516 947 in
545 911 743 958 septimana
768 917 804 948 et
826 914 1031 948 continuan.
1050 914 1095 948 ad
1121 914 1257 948 dietum
1280 924 1370 958 opus
1395 914 1434 947 in
1459 913 1638 958 prefatum

333 1000 500 1030 octavum
518 996 613 1029 diem
630 993 757 1030 menfis
775 996 941 1030 Octobris
959 995 1115 1041 ejusdem
1129 996 1215 1030 anni
1229 996 1415 1030 extenden.
1429 996 1475 1030 ad
1491 995 1639 1030 sedecim

334 1076 550 1122 septimanas
576 1078 626 1124 xij
649 1078 686 1112 li.
712 1079 773 1124 xvj
799 1081 825 1112 ἔ.
880 1077 932 1112 Et
962 1078 1076 1112 eidem
1104 1090 1127 1112 a
1153 1078 1248 1112 dicto
1273 1084 1398 1113 octavo
1425 1079 1482 1112 die
1511 1076 1638 1113 menfis

334 1159 501 1194 Octobris
519 1160 692 1194 conducto
709 1160 851 1194 noviter
866 1164 909 1194 ut
925 1161 1053 1205 reliqui
1071 1161 1109 1194 in
1126 1161 1321 1194 mercedem
1338 1159 1391 1194 sui
1409 1160 1539 1195 laboris
1558 1172 1639 1195 cum

334 1240 454 1275 David
472 1240 597 1275 Powte
619 1239 681 1275 suo
703 1239 804 1275 servo
821 1242 867 1275 ad
884 1240 1086 1288 hujusmodi
1104 1253 1192 1287 opus
1210 1243 1248 1276 in
1266 1243 1416 1277 eundem
1436 1243 1530 1277 diem
1547 1254 1640 1277 anno

333 1323 497 1357 revoluto
521 1323 655 1367 capien.
680 1334 743 1367 per
767 1334 902 1357 annum
926 1324 1057 1370 viginti
1081 1328 1235 1370 quatuor
1258 1324 1319 1358 lib.
1342 1325 1378 1371 xj
1398 1325 1435 1359 li.
1462 1336 1487 1358 x
1512 1327 1537 1359 ἔ.
1590 1325 1641 1359 Et

333 1405 506 1439 allocatur
523 1405 638 1439 eidem
655 1416 719 1449 per
735 1405 984 1440 liberacionem
1002 1405 1133 1440 factam
1146 1406 1307 1441 Roberto
1322 1407 1501 1452 Merl3one
1514 1406 1641 1453 magis-

335 1493 392 1521 tro
408 1486 641 1521 lathimorum
667 1498 688 1521 a
711 1485 800 1521 festo
823 1487 944 1523 Sancti
969 1488 1118 1522 Mertini
1142 1489 1227 1523 anni
1246 1494 1305 1522 *tc*
1324 1491 1360 1523 vc
1377 1489 1503 1523 decimi
1521 1491 1641 1534 quarti

334 1570 373 1603 in
390 1569 541 1603 eundem
556 1569 649 1603 diem
668 1580 762 1603 anno
774 1570 938 1604 revoluto
951 1570 1085 1615 capien.
1100 1582 1164 1615 per
1181 1582 1315 1605 annum
1329 1569 1512 1605 tresdecim
1532 1570 1641 1605 libras

335 1649 394 1684 sex
410 1649 537 1684 solidos
555 1655 591 1685 et
608 1655 687 1685 octo
705 1651 867 1686 denarios
886 1656 921 1686 et
939 1656 1018 1686 octo
1034 1652 1147 1687 bollas
1164 1652 1279 1687 farine
1297 1663 1362 1698 pro
1379 1653 1641 1699 quinquaginta

335 1732 451 1767 tribus
469 1731 588 1767 solidis
606 1737 642 1767 et
659 1737 814 1778 quatuor
828 1734 983 1769 denariis
1001 1735 1063 1781 viij
1080 1736 1116 1769 li.
1131 1735 1193 1781 viij
1209 1733 1244 1769 d.
1283 1734 1335 1770 Et
1352 1736 1466 1770 eidem
1484 1735 1642 1770 Roberto

334 1814 471 1848 ratione
488 1813 541 1848 sui
559 1819 762 1849 contractus
780 1827 846 1860 pro
863 1814 1044 1851 escalentis
1058 1821 1094 1851 et
1106 1817 1305 1861 poculentis
1318 1818 1357 1851 in
1370 1817 1494 1851 diebus
1507 1816 1642 1852 festivis

332 1907 395 1941 per
417 1896 512 1930 idem
537 1900 678 1941 tempus
700 1898 814 1943 xxviij
836 1900 861 1931 ἔ.
913 1897 965 1933 Et
990 1898 1103 1932 eidem
1128 1899 1287 1934 Roberto
1310 1900 1451 1934 noviter
1469 1901 1642 1935 conducto

333 1979 371 2012 in
388 1978 483 2013 dicto
500 1976 589 2012 festo
606 1977 727 2013 Sancti
745 1979 895 2014 Mertini
913 1980 998 2014 anni
1016 1985 1076 2015 *tc*
1090 1982 1126 2014 v⁰
1138 1978 1207 2015 xv‘i
1224 1981 1263 2015 in
1276 1982 1427 2016 eundem
1442 1982 1535 2016 diem
1549 1994 1642 2016 anno

334 2060 495 2094 revoluto
513 2061 666 2105 capienti
683 2073 747 2106 per
764 2073 900 2096 annum
922 2063 1116 2097 octodecim
1134 2062 1244 2097 libras
1268 2062 1443 2098 trisdecim
1461 2062 1588 2098 solidos
1606 2069 1642 2098 et

335 2145 489 2185 quatuor
512 2142 674 2177 denarios
699 2154 723 2177 v
739 2144 776 2178 li.
794 2155 819 2177 x
835 2146 862 2178 ἔ.
913 2143 965 2178 Et
982 2145 1155 2179 allocatur
1171 2145 1284 2179 eidem
1306 2155 1371 2189 per
1391 2144 1640 2180 liberacionem

332 2222 462 2257 factam
479 2223 574 2258 dicto
591 2223 749 2260 Roberto
766 2226 805 2260 in
822 2227 1019 2261 mercedem
1036 2227 1168 2262 laboris
1186 2225 1296 2261 Alani
1309 2225 1361 2261 sui
1374 2225 1465 2262 servi
1479 2228 1639 2273 lapidum
