2044 2906
352 388 394 420 64
516 389 643 420 VITAE
669 388 1007 420 EPISCOPORUM
1031 387 1469 419 DUNKELDENSIUM.

355 501 444 535 sutis
461 500 580 541 dedit3
612 501 723 534 altare
746 498 866 533 Sancti
882 498 1058 532 Johannis
1077 498 1244 542 baptistae
1267 497 1414 531 cortinis
1440 497 1560 531 sericis
1584 499 1659 542 pal-

354 582 418 616 leis
435 593 475 616 as:
488 581 696 616 candelabro
713 591 812 615 aeneo
824 580 999 625 pendente
1013 579 1212 613 decoravit:
1236 578 1312 614 Vir·
1316 579 1439 625 justus
1457 583 1493 613 et
1506 590 1572 613 sua
1584 580 1662 625 jus-

354 664 434 697 titia
451 663 489 696 in
510 663 590 696 sede
608 662 779 706 praedicta
800 672 876 695 rem
893 661 1072 706 publicam
1090 672 1325 702 conservans;
1349 662 1589 706 vicariamque
1611 673 1664 695 ec-

356 744 471 778 clesiae
496 744 539 778 de
561 743 672 784 Blair,
689 743 735 777 ob
752 743 848 777 illius
872 747 907 777 et
933 743 989 776 sui
1007 743 1207 777 animarum
1234 743 1397 783 salutem,
1416 744 1554 784 erexit3
1582 748 1662 788 post

356 826 433 860 haec
450 826 565 866 initia,
583 826 698 860 multa
715 825 851 871 majora
867 824 1012 859 indubie
1029 824 1202 859 facturus.

392 1069 804 1105 PRAEBENDARIUS
814 1071 857 1104 de
868 1070 1127 1116 Forgundyny,
1135 1071 1311 1117 Magister
1318 1071 1501 1106 WValterus
1513 1072 1659 1113 Brown,

357 1153 512 1188 officialis
539 1153 812 1193 Dunkeldensis,
839 1164 948 1187 sacrae
975 1153 1165 1200 theologiae
1189 1153 1431 1194 baccallarius,
1459 1156 1660 1199 capellanus

358 1236 497 1270 Sanctae
516 1235 644 1269 Mariae
663 1233 788 1278 (libera
804 1246 869 1269 nos
887 1246 908 1268 a
925 1235 1039 1280 poenis
1062 1234 1207 1281 inferni)
1226 1247 1290 1280 per
1306 1236 1584 1282 resignationem
1601 1237 1662 1271 do-

358 1319 446 1352 mini
457 1317 480 1351 J
482 1318 631 1352 ohannis
650 1317 845 1362 Myretoun
863 1322 1047 1362 promotus
1064 1319 1308 1362 praecentoriae
1325 1319 1583 1363 pensionarius,
1601 1319 1662 1353 do-

359 1400 476 1433 minus
495 1411 605 1439 meus,
625 1399 726 1445 cujus
745 1399 854 1433 curiae
872 1403 907 1432 et
925 1410 1043 1433 coram
1062 1411 1103 1433 eo
1121 1400 1246 1434 scribae
1264 1405 1300 1434 et
1317 1400 1568 1435 tabellionatus
1586 1401 1659 1435 offi-

359 1482 452 1515 cium
465 1481 619 1514 triennio
636 1481 812 1526 gerebam.
833 1480 903 1514 Hic
917 1481 974 1514 vir
987 1485 1069 1515 ante
1083 1482 1377 1526 praedecessorem
1391 1483 1555 1523 moritur,
1570 1483 1660 1517 nihil

361 1564 403 1597 de
429 1562 587 1596 beneficii
615 1561 791 1597 fructibus
819 1562 985 1596 obtinuit.
1026 1562 1095 1597 Vir
1118 1567 1195 1598 erat
1222 1575 1285 1608 per
1309 1565 1429 1598 omnia
1454 1566 1662 1609 spiritualis,

362 1647 497 1685 doctus,
515 1649 550 1679 et
561 1645 599 1678 in
612 1645 695 1690 jure
713 1644 881 1678 canonico
899 1644 1059 1689 apprime
1077 1645 1249 1686 eruditus,
1267 1650 1303 1680 et
1315 1646 1551 1692 justissimus,
1569 1658 1664 1692 saepe

360 1727 477 1761 media
493 1730 594 1760 nocte
612 1726 821 1759 matutinale
839 1726 942 1760 officii
961 1726 1121 1760 debitum
1138 1728 1320 1771 persolvit,
1339 1732 1375 1762 et
1398 1739 1538 1762 summo
1556 1740 1660 1763 mane

361 1809 506 1842 missam
524 1807 682 1852 quotidie
702 1807 914 1847 celebravit3
942 1812 977 1841 et
998 1808 1125 1853 majori
1146 1808 1256 1842 missa
1276 1810 1503 1853 postmodum
1527 1811 1660 1851 audita,

362 1891 538 1935 reliquum
556 1889 627 1922 diei
646 1888 842 1934 judicandi,
860 1889 1037 1928 studendi,
1055 1894 1090 1923 et
1108 1889 1194 1935 jura
1217 1901 1257 1924 ac
1275 1890 1490 1937 theologiam
1512 1894 1662 1939 legendi,

363 1973 435 2006 otio
452 1971 624 2011 contulit3
643 1970 831 2004 honestum
850 1969 993 2004 fovebat
1011 1970 1229 2005 domicilium
1245 1982 1254 2012 ;
1281 1972 1319 2006 in
1337 1984 1461 2007 mensa
1477 1975 1662 2010 lectionem

364 2063 501 2097 semper
518 2051 665 2092 habuit3
689 2050 781 2084 nihil
798 2051 869 2085 illic
891 2051 1117 2086 scurrilitatis
1136 2057 1199 2086 aut
1216 2053 1444 2089 detractionis
1462 2057 1585 2091 audire
1604 2069 1660 2092 vo-

362 2135 441 2173 luit,
459 2134 520 2167 sed
536 2133 694 2167 honestis
711 2131 860 2166 faeaetiis
874 2133 1129 2178 jocundissime
1151 2135 1362 2179 epulabatur
1377 2146 1387 2176 ;
1415 2138 1526 2171 altare
1544 2138 1663 2173 Sancti

364 2216 526 2256 Martini,
545 2214 664 2249 Sancti
683 2214 877 2248 Salvatoris
902 2215 1208 2259 contemplatione,
1227 2217 1343 2260 palliis
1362 2222 1396 2252 et
1418 2219 1664 2263 antependulis
