2106 2894
423 395 471 435 96
714 394 982 428 COMPOTUM
1004 394 1233 428 MAGISTRI
1257 393 1461 427 FABRICE

426 507 618 541 eorundem
644 506 697 552 iiij
726 509 751 540 ἕ.
807 506 859 540 Et
885 507 1059 541 allocatur
1084 507 1198 541 eidem
1222 507 1262 540 5n
1287 506 1516 541 refectionem
1543 503 1740 538 ferreorum

426 590 594 635 lapicidii,
615 589 746 634 quibus
771 588 853 623 usus
874 587 925 623 est
945 589 1128 624 Johannes
1151 589 1336 635 Queryeor
1357 590 1447 624 citra
1470 589 1641 624 ferrinam
1668 588 1740 623 dat.

426 672 528 707 fabro
553 672 597 705 de
622 671 905 725 SloiggynePOill
930 673 1068 707 allocat.
1090 676 1126 706 et
1153 673 1300 707 allocan.
1317 672 1515 719 graniterio
1532 671 1594 717 xvj
1615 673 1642 705 'sl
1660 670 1685 716 ij
1705 668 1740 704 d.

426 754 478 789 Et
502 755 675 789 allocatur
700 755 814 789 eidem
835 755 875 789 in
894 754 1122 789 refectionem
1144 754 1323 789 serrorum
1348 754 1527 789 Johannis
1545 753 1653 799 Wiys
1676 764 1741 798 per

426 842 567 882 tempus
584 837 738 882 compoti
757 837 819 883 viij
839 839 865 871 ἔ.
883 837 909 883 ij
928 834 963 871 d.
1014 836 1066 871 Et
1083 838 1257 872 alloeatur
1273 838 1388 872 eidem
1406 848 1470 882 per
1489 837 1739 871 liberacionem

426 920 556 957 factam
576 919 715 954 Thome
734 918 891 965 Ramsay
916 919 1019 954 fabro
1046 920 1220 955 conducto
1237 931 1302 965 per
1322 931 1457 954 annum
1481 920 1526 954 ab
1550 920 1740 954 undecimo

428 1001 643 1037 Novembris
666 1002 751 1035 anni
770 1006 830 1036 Ἴτεύ
848 1003 884 1036 v⁰
900 998 956 1036 ΚΜ
974 1002 1012 1036 in
1029 1003 1181 1036 eundem
1199 1002 1294 1036 diem
1311 1013 1407 1036 anno
1423 1003 1587 1036 revoluto
1604 1002 1740 1046 capien.

425 1086 464 1120 in
489 1096 583 1119 anno
604 1085 693 1118 citra
714 1084 846 1118 hollam
868 1084 1001 1118 ferrine
1022 1084 1061 1118 in
1080 1083 1198 1118 mense
1223 1084 1376 1130 triginta
1400 1083 1528 1118 solidos
1554 1083 1649 1117 feodi
1674 1094 1741 1128 pro

425 1168 487 1201 illo
504 1177 598 1200 anno
614 1163 706 1200 xxx*
725 1168 751 1199 ἔ.
798 1165 850 1200 Et
868 1166 982 1200 eidem
1000 1164 1226 1211 postmodum
1243 1177 1317 1201 non
1335 1167 1510 1201 conducto
1528 1164 1586 1200 sed
1604 1167 1740 1211 capien.

426 1261 490 1294 pro
507 1247 631 1283 frustri
647 1248 735 1283 ferri
751 1248 976 1282 laboracione
993 1247 1051 1283 sex
1069 1249 1234 1283 denarios
1252 1249 1288 1283 in
1307 1249 1427 1284 labore
1447 1252 1592 1283 centum
1610 1249 1740 1284 tresde-

425 1335 494 1369 cim
513 1345 594 1368 cum
611 1334 767 1368 dimedio
784 1331 908 1368 frustri
925 1334 964 1367 in
981 1333 1132 1378 pecunia
1149 1333 1201 1367 lix
1219 1336 1244 1367 ἓ.
1259 1333 1322 1379 viij
1342 1331 1376 1367 d.
1414 1332 1466 1367 Et
1483 1333 1598 1368 eidem
1614 1334 1654 1368 in
1671 1333 1741 1368 fer-

425 1417 603 1451 racionem
626 1427 799 1462 equorum
827 1417 1045 1450 verudorum
1069 1427 1114 1450 ex
1136 1416 1291 1461 propriis
1308 1415 1413 1451 ferris
1431 1420 1467 1451 et
1484 1416 1595 1451 clauis
1613 1417 1741 1462 aliqui-

425 1500 491 1534 bus
508 1497 654 1534 existen.
671 1497 743 1533 suis
761 1499 947 1533 extenden.
967 1499 1005 1532 in
1023 1499 1127 1533 totali
1146 1510 1296 1533 numero
1319 1499 1365 1533 ad
1386 1497 1589 1545 sexinginta
1610 1498 1741 1534 tresde-

425 1583 494 1617 cim
519 1582 653 1627 capien.
677 1593 742 1626 pro
771 1581 931 1626 qualibet
957 1581 1153 1616 ferracione
1183 1581 1331 1616 obulmn
1360 1592 1437 1616 xxv
1462 1584 1488 1617 ἔ.
1515 1582 1550 1628 vj
1566 1592 1584 1626 3
1602 1580 1637 1616 d.
1689 1582 1740 1617 Et

425 1665 540 1699 eidem
561 1674 626 1708 pro
647 1675 774 1698 novem
793 1664 897 1698 ferris
915 1675 1089 1710 equorum
1107 1675 1188 1698 cum
1203 1664 1313 1699 clauis
1332 1664 1357 1710 ij
1378 1666 1404 1698 ἔ.
1421 1664 1460 1698 ix
1477 1662 1511 1698 d.
1552 1664 1605 1699 Et
1624 1665 1738 1699 eidem

427 1746 567 1781 Thome
601 1745 756 1791 Ramsay
789 1747 828 1780 in
865 1747 1023 1781 laborem
1057 1746 1162 1781 suum
1191 1747 1285 1782 circa
1317 1744 1366 1781 lie
1399 1744 1544 1791 bzgsehes
1568 1748 1613 1782 ad
1643 1753 1740 1783 rotas

425 1830 592 1865 redarum
619 1829 655 1875 vj
683 1831 708 1863 ἔ.
734 1830 773 1863 ix
797 1827 831 1863 d.
887 1828 940 1863 Et
965 1830 1080 1864 alieno
1105 1829 1208 1864 fabro
1239 1831 1282 1864 de
1313 1829 1569 1876 Cupergrange
1599 1831 1738 1864 venien.

427 1913 523 1958 apud
552 1910 722 1946 Dunkeld
754 1916 946 1956 antequam
976 1912 1113 1956 proprii
1142 1911 1236 1945 fabri
1265 1910 1471 1945 habuerunt
1500 1916 1614 1946 artem
1645 1923 1740 1946 com-

427 1994 581 2039 ponendi
611 1990 659 2027 lie
688 1991 834 2037 bzqsches
862 1993 902 2027 in
936 1990 1096 2038 expenfis
1130 1993 1269 2027 itineris
1305 1998 1341 2027 et
1374 1993 1572 2028 mercedem
1606 1994 1738 2029 laboris

427 2078 465 2123 iij
485 2080 511 2111 ἔ.
534 2077 569 2123 vj
588 2074 623 2110 d.
674 2075 727 2111 Et
753 2077 925 2111 allocatur
950 2076 1063 2110 eidem
1089 2087 1153 2121 per
1175 2076 1425 2111 liberacionem
1448 2075 1580 2111 factam
1597 2075 1739 2112 Alester

428 2160 575 2206 Smytht
601 2159 704 2194 fabro
731 2160 771 2194 in
793 2159 913 2194 labore
934 2163 1078 2194 centum
1099 2159 1251 2205 triginta
1271 2163 1351 2194 octo
1371 2157 1420 2194 lie
1440 2157 1581 2207 lwmpis
1603 2161 1737 2206 capien.

432 2252 497 2286 pro
523 2241 644 2276 labore
676 2239 863 2288 cujussibet
893 2244 972 2276 octo
998 2241 1161 2276 denarios
1189 2245 1214 2275 *t
1238 2241 1370 2276 bibalia
1393 2220 1446 2288 i‘i’rij
1466 2242 1503 2279 li.
1529 2243 1580 2290 xij
1599 2240 1634 2278 d.
1685 2241 1737 2277 Et
