2044 2906
1012 416 1058 444 III

387 523 516 568 quibus
542 523 653 558 officio
675 523 745 558 fuit
772 524 906 570 Regem
932 524 1093 558 comitari
1120 535 1224 564 unus,
1255 527 1375 558 orator
1401 523 1438 557 in
1464 522 1635 569 Angliam
1670 535 1691 557 a

387 621 526 667 Regina
542 621 647 656 fratri
665 622 821 657 Henrico
838 622 943 657 VIII.
962 623 1151 667 aliquando
1174 623 1314 662 missus,
1332 626 1367 656 et
1384 622 1421 656 in
1439 622 1518 655 aliis
1535 622 1686 668 negotiis

386 721 554 764 temporis
578 721 680 754 istius
706 720 840 753 turbidi
864 725 1025 754 versatus
1042 725 1117 760 est;
1145 732 1189 754 ex
1212 720 1342 773 quibus
1363 720 1539 760 omnibus,
1560 721 1685 765 quanti

385 818 479 861 apud
497 818 650 862 aequales
667 816 858 851 haberetur
876 815 979 851 facile
997 818 1168 863 conjicere
1186 818 1278 851 licet.

429 914 489 948 Ad
507 926 636 950 munus
655 915 822 949 officialis
840 916 995 949 delectus
1013 927 1094 950 cum
1115 916 1172 955 sit,
1190 915 1244 949 fas
1262 919 1316 949 est
1339 915 1478 949 credere
1496 927 1576 950 eum
1589 917 1684 962 juris

380 1015 494 1048 civilis
516 1015 601 1048 satis
623 1015 732 1048 fuisse
754 1015 920 1059 peritum.
971 1014 1089 1054 Quam
1111 1018 1214 1060 grata
1238 1014 1270 1047 ei
1294 1018 1385 1048 esset
1406 1026 1592 1049 causarum
1614 1016 1684 1050 dis-

381 1114 533 1158 ceptatio
544 1117 681 1148 constat
695 1115 751 1147 vel
764 1125 807 1147 ex
821 1112 968 1148 molesta
980 1113 1171 1154 interdum,
1185 1114 1365 1147 actionum
1383 1114 1571 1158 litiumque
1588 1115 1681 1149 inter

378 1212 558 1255 episcopos
584 1216 619 1245 et
644 1223 765 1245 eorum
790 1213 933 1246 clientes
958 1216 1148 1252 motarum,
1175 1213 1389 1246 narratione.
1440 1212 1679 1258 Jurisperitiae

376 1313 482 1352 fama,
509 1315 543 1345 et
569 1311 724 1357 dignitas
751 1311 836 1345 satis
862 1312 991 1356 ampla,
1017 1323 1098 1345 cum
1124 1312 1280 1345 maxima
1305 1322 1424 1345 rerum
1451 1312 1677 1356 experientia,

374 1412 496 1455 procul
523 1411 797 1464 dubio-effecere
822 1416 864 1445 ut
889 1411 1095 1456 dignissime
1118 1411 1255 1455 primus
1280 1411 1523 1445 nominaretur
1545 1422 1676 1455 praeses

375 1510 483 1544 curiae
501 1509 613 1542 civilis
633 1519 818 1553 supremae,
837 1519 931 1542 anno
950 1510 1045 1541 1532
1063 1509 1249 1542 institutae.
1302 1508 1381 1542 Hoc
1402 1508 1513 1542 officio
1530 1509 1673 1543 functus

372 1618 484 1652 usque
502 1608 546 1640 ad
563 1618 696 1640 annum
716 1607 823 1646 1548,
841 1617 922 1650 quo,
940 1610 982 1639 ut
999 1606 1151 1645 videtur,
1169 1606 1261 1639 diem
1280 1606 1377 1639 obiit.

420 1705 474 1738 De
493 1706 568 1739 vita
584 1709 619 1738 et
643 1704 800 1738 moribus
818 1704 1018 1738 domesticis
1036 1693 1258 1737 ecclesiastici
1281 1704 1455 1749 regularis
1473 1705 1535 1738 vix
1557 1706 1671 1739 multa

370 1805 552 1848 explorare
569 1814 647 1847 spes
666 1807 729 1836 est.
781 1802 898 1836 Extra
915 1803 1120 1836 monasterii
1141 1803 1250 1836 limen
1267 1814 1348 1836 raro
1365 1804 1490 1847 pedem
1507 1805 1667 1847 protulit,

367 1902 435 1936 nisi
462 1902 507 1935 ad
532 1901 675 1946 negotia
700 1900 842 1944 publica
867 1900 1038 1934 obeunda.
1090 1899 1185 1934 Casu
1212 1904 1342 1940 tamen,
1368 1902 1499 1945 partim
1525 1914 1665 1947 quoque

366 2000 550 2047 diligentia
571 1995 755 2046 cujusdam
777 1999 915 2034 Fratris
941 1999 1146 2033 monasterii
1169 2000 1212 2033 de
1230 1999 1553 2041 Cambuskenneth,
1571 2013 1664 2035 com-

362 2106 503 2144 perturn
532 2099 714 2151 habemus,
740 2097 919 2132 Abbatem
945 2103 1118 2138 nostrum,
1146 2098 1308 2132 civilibus
1339 2099 1420 2133 licet
1450 2104 1659 2143 occupatum

360 2198 522 2244 negotiis,
536 2198 736 2233 incubuisse
749 2202 868 2231 tamen
882 2197 1000 2232 studio
1013 2202 1207 2231 conventus
1221 2197 1276 2231 sui
1293 2197 1338 2231 ad
1351 2198 1511 2232 strictam
1524 2198 1657 2234 ordinis
