2044 2906
587 404 714 435 VITAE
740 402 1077 435 EPISCOPORUM
1102 402 1535 433 DUNKELDENSIUM.
1678 400 1721 434 69

407 522 485 551 tum
502 517 664 556 honorat,
678 517 721 550 de
740 515 971 561 Tullepowry
988 515 1202 560 capellanus.
1229 513 1409 548 Dominus
1427 512 1633 547 Alexander
1652 512 1716 547 Ri-

409 599 516 639 cardi,
539 599 596 632 vir
618 598 720 638 fidus,
744 598 916 632 honestus
942 596 1213 642 paterfamilias,
1235 597 1279 630 de
1303 596 1378 630 suis
1407 595 1452 629 ab
1480 595 1715 629 adolescentia

409 680 511 714 bonae
525 680 653 714 indolis
666 690 794 724 pueros
813 679 999 719 educavit3
1019 679 1106 713 alios
1120 678 1158 712 in
1171 677 1354 724 religionis
1369 681 1615 723 augmentum,
1629 677 1715 711 alios

409 763 447 795 in
464 761 688 806 presbiteros,
706 765 742 795 et
762 761 849 794 alios
871 761 910 794 in
927 760 1026 794 chori
1049 759 1250 799 servitium,
1268 763 1371 804 aptos
1391 759 1515 799 dedit3
1540 759 1579 792 in
1597 759 1719 792 divino

416 843 562 877 servitio
580 842 677 876 chori
695 842 1040 881 observantissimus,
1054 845 1090 875 et
1107 841 1146 874 in
1159 840 1268 875 missa
1285 841 1442 874 multum
1455 840 1642 874 devotione
1659 851 1718 874 ex-

408 925 585 970 emplaris.
629 924 806 958 Dominus
825 923 1042 958 Willielmus
1067 922 1219 963 Lacock,
1243 923 1448 967 capellanus
1470 920 1593 956 Sancti
1618 921 1716 956 Petri

408 1011 443 1040 et
461 1006 614 1040 vicarius
632 1006 675 1039 de
694 1005 840 1050 Retray,
858 1006 916 1039 vir
932 1005 1069 1045 decens,
1086 1004 1270 1039 forinsecis
1289 1003 1471 1038 laboribus
1488 1004 1644 1038 multum
1662 1005 1717 1038 in-

410 1088 553 1128 sudans,
564 1087 761 1132 praesertim
778 1087 816 1120 in
829 1087 1063 1121 resarcionem
1077 1086 1267 1120 domorum
1281 1086 1487 1130 capeuaniae
1498 1096 1574 1120 suae
1588 1085 1716 1120 funda-

409 1174 540 1209 torum,
554 1169 649 1214 quod
662 1169 731 1202 nisi
745 1169 820 1213 ipse
834 1167 970 1208 fuisset,
990 1168 1149 1214 ejusdem
1163 1167 1359 1212 capellania
1371 1167 1474 1212 quasi
1489 1168 1526 1200 in
1541 1167 1714 1201 nichilum

409 1250 639 1296 redigeretur.
667 1249 844 1284 Dominus
874 1249 897 1283 J
899 1249 1028 1284 acobus
1057 1249 1221 1289 Lawder,
1249 1259 1343 1283 unus
1378 1250 1642 1293 capellanorum
1669 1250 1713 1283 de

410 1331 614 1377 Abernyde,
632 1332 689 1365 vir
701 1332 857 1377 juvenis,
879 1332 1041 1376 pudicus,
1061 1331 1244 1371 honestus,
1268 1331 1442 1365 musicam
1466 1330 1554 1365 bene
1581 1332 1715 1370 doctus,

410 1414 535 1447 matris
548 1413 753 1454 honorator,
768 1415 876 1448 curiae
895 1414 1148 1448 consistorialis
1167 1414 1371 1453 advocatus,
1385 1413 1547 1447 cordialis
1566 1418 1602 1447 et
1614 1413 1716 1451 fidus,

408 1500 444 1528 et
467 1505 569 1529 suam
590 1495 636 1529 ob
656 1496 965 1529 mansuetudinem
993 1500 1029 1529 et
1054 1495 1250 1540 majoribus
1274 1495 1478 1539 praestitum
1506 1494 1715 1539 obsequium

410 1577 569 1620 apprime
579 1576 736 1610 dilectus.
762 1576 939 1610 Dominus
946 1575 1161 1610 Willielmus
1169 1576 1349 1620 Martyne,
1361 1577 1562 1620 capellanus
1575 1576 1715 1610 Sanctae

410 1657 605 1697 Katerinae‚
617 1658 673 1691 vir
691 1658 872 1697 honestus,
886 1658 1042 1691 musicus
1056 1668 1065 1698 ;
1085 1662 1120 1691 et
1137 1657 1160 1691 J
1162 1658 1319 1691 ohannes
1333 1657 1445 1691 frater
1463 1658 1552 1704 ejus,
1566 1658 1713 1703 juvenis

409 1739 594 1783 presbiter,
605 1740 756 1784 simplex
769 1744 805 1773 et
815 1740 977 1779 devotus,
992 1740 1166 1773 musicam
1178 1739 1315 1779 doctus,
1329 1740 1600 1785 grammaticam
1614 1740 1714 1774 bonis

409 1820 568 1854 moribus
589 1824 625 1854 et
642 1820 827 1866 diligentia
851 1821 889 1854 in
906 1821 1029 1854 divino
1051 1821 1197 1854 servitio
1218 1821 1406 1865 supplevit.
1451 1820 1628 1855 Dominus
1648 1821 1715 1855 Pa-

411 1901 534 1935 tricius
553 1900 726 1942 Gardner,
750 1902 840 1936 alius
858 1906 1014 1947 quatuor
1038 1903 1302 1947 capellanorum
1319 1903 1362 1936 de
1380 1901 1580 1948 Abirnyde,
1599 1908 1715 1948 pater-

411 1983 564 2017 familias
581 1984 805 2023 domesticus,
823 1984 880 2017 vir
903 1984 941 2018 in
959 1983 1116 2034 vestibus
1135 1984 1367 2028 suppellectili
1392 1989 1427 2018 et
1445 1995 1567 2018 mensa
1584 1995 1715 2029 paupe-

411 2075 492 2098 rum
509 2064 790 2105 honestissimus,
801 2066 961 2105 devotus,
980 2066 1143 2110 simplex,
1161 2066 1355 2100 secundum
1375 2077 1435 2100 cor
1453 2077 1558 2101 suum
1577 2077 1715 2111 semper

414 2147 586 2190 loquens3
613 2150 758 2191 propter
778 2147 929 2191 ydeoma
945 2146 1180 2187 hibernicum,
1204 2152 1240 2181 et
1261 2158 1362 2182 suam
1386 2159 1533 2194 gravem
1552 2149 1715 2183 honesta-

412 2233 496 2267 tem,
510 2228 880 2272 vicepoenitentiarius.
908 2228 1085 2262 Dominus
1101 2228 1260 2263 Thomas
1273 2229 1442 2270 Bettoun‚
1456 2232 1659 2275 capellanus
1671 2231 1713 2263 de
