<?xml version="1.0" encoding="UTF-8"?>
<!DOCTYPE html PUBLIC "-//W3C//DTD XHTML 1.0 Transitional//EN"
    "http://www.w3.org/TR/xhtml1/DTD/xhtml1-transitional.dtd">
<html xmlns="http://www.w3.org/1999/xhtml" xml:lang="en" lang="en">
 <head>
  <title>
</title>
<meta http-equiv="Content-Type" content="text/html;charset=utf-8" />
  <meta name='ocr-system' content='tesseract 3.04.00' />
  <meta name='ocr-capabilities' content='ocr_page ocr_carea ocr_par ocr_line ocrx_word'/>
</head>
<body>
  <div class='ocr_page' id='page_1' title='image "./vitaedvnkeldens102mylnuoft_0096.png"; bbox 0 0 2044 2906; ppageno 0'>
   <div class='ocr_carea' id='block_1_1' title="bbox 362 383 1488 417">
    <p class='ocr_par' dir='ltr' id='par_1_1' title="bbox 362 383 1488 417">
     <span class='ocr_line' id='line_1_1' title="bbox 362 383 1488 417; baseline -0.004 0"><span class='ocrx_word' id='word_1_1' title='bbox 362 386 402 417; x_wconf 79' lang='lat'><strong>74</strong></span> <span class='ocrx_word' id='word_1_2' title='bbox 531 386 659 417; x_wconf 79' lang='lat' dir='ltr'>VITAE</span> <span class='ocrx_word' id='word_1_3' title='bbox 684 385 1022 417; x_wconf 84' lang='lat' dir='ltr'>EPISCOPORUM</span> <span class='ocrx_word' id='word_1_4' title='bbox 1046 383 1488 416; x_wconf 85' lang='lat' dir='ltr'>DUNKELDENSIUM.</span> 
     </span>
    </p>
   </div>
   <div class='ocr_carea' id='block_1_2' title="bbox 360 494 1671 624">
    <p class='ocr_par' dir='ltr' id='par_1_2' title="bbox 360 494 1671 624">
     <span class='ocr_line' id='line_1_2' title="bbox 361 494 1671 542; baseline -0.005 -11"><span class='ocrx_word' id='word_1_5' title='bbox 361 496 536 537; x_wconf 87' lang='lat' dir='ltr'><strong>dentibus,</strong></span> <span class='ocrx_word' id='word_1_6' title='bbox 554 497 671 542; x_wconf 93' lang='lat' dir='ltr'><strong>ipsum</strong></span> <span class='ocrx_word' id='word_1_7' title='bbox 689 497 892 541; x_wconf 89' lang='lat' dir='ltr'><strong>episcopum</strong></span> <span class='ocrx_word' id='word_1_8' title='bbox 916 496 1011 540; x_wconf 91' lang='lat' dir='ltr'><strong>apud</strong></span> <span class='ocrx_word' id='word_1_9' title='bbox 1033 495 1217 529; x_wconf 90' lang='lat' dir='ltr'><strong>dominum</strong></span> <span class='ocrx_word' id='word_1_10' title='bbox 1235 494 1511 540; x_wconf 81' lang='lat' dir='ltr'><strong>gubernatorem</strong></span> <span class='ocrx_word' id='word_1_11' title='bbox 1529 503 1595 536; x_wconf 88' lang='lat' dir='ltr'><strong>pro</strong></span> <span class='ocrx_word' id='word_1_12' title='bbox 1613 504 1671 526; x_wconf 89' lang='lat' dir='ltr'><strong>re-</strong></span> 
     </span>
     <span class='ocr_line' id='line_1_3' title="bbox 360 573 1671 624; baseline -0.005 -11"><span class='ocrx_word' id='word_1_13' title='bbox 360 579 476 612; x_wconf 89' lang='lat' dir='ltr'><strong>medio</strong></span> <span class='ocrx_word' id='word_1_14' title='bbox 503 580 666 619; x_wconf 89' lang='lat' dir='ltr'><strong>mittere;</strong></span> <span class='ocrx_word' id='word_1_15' title='bbox 698 578 775 612; x_wconf 88' lang='lat' dir='ltr'><strong>aliis</strong></span> <span class='ocrx_word' id='word_1_16' title='bbox 799 578 917 622; x_wconf 88' lang='lat' dir='ltr'><strong>ipsum</strong></span> <span class='ocrx_word' id='word_1_17' title='bbox 940 578 978 611; x_wconf 90' lang='lat' dir='ltr'><strong>in</strong></span> <span class='ocrx_word' id='word_1_18' title='bbox 1000 577 1145 621; x_wconf 87' lang='lat' dir='ltr'><strong>propria</strong></span> <span class='ocrx_word' id='word_1_19' title='bbox 1171 586 1323 624; x_wconf 74' lang='lat' dir='ltr'><strong>persona</strong></span> <span class='ocrx_word' id='word_1_20' title='bbox 1350 575 1486 608; x_wconf 87' lang='lat' dir='ltr'><strong>curiam</strong></span> <span class='ocrx_word' id='word_1_21' title='bbox 1512 573 1671 613; x_wconf 88' lang='lat' dir='ltr'><strong>visitare,</strong></span> 
     </span>
    </p>
   </div>
   <div class='ocr_carea' id='block_1_3' title="bbox 360 655 1670 704">
    <p class='ocr_par' dir='ltr' id='par_1_3' title="bbox 360 655 1670 704">
     <span class='ocr_line' id='line_1_4' title="bbox 360 655 1670 704; baseline -0.004 -10"><span class='ocrx_word' id='word_1_22' title='bbox 360 661 633 700; x_wconf 81' lang='lat' dir='ltr'><strong>consuluerunt3</strong></span> <span class='ocrx_word' id='word_1_23' title='bbox 647 661 707 694; x_wconf 89' lang='lat' dir='ltr'><strong>sed</strong></span> <span class='ocrx_word' id='word_1_24' title='bbox 718 660 804 704; x_wconf 90' lang='lat' dir='ltr'><strong>ipsis</strong></span> <span class='ocrx_word' id='word_1_25' title='bbox 818 659 1112 700; x_wconf 84' lang='lat' dir='ltr'><strong>consultantibus,</strong></span> <span class='ocrx_word' id='word_1_26' title='bbox 1124 670 1200 693; x_wconf 88' lang='lat' dir='ltr'><strong>ecce</strong></span> <span class='ocrx_word' id='word_1_27' title='bbox 1211 658 1365 692; x_wconf 87' lang='lat' dir='ltr'><strong>nuncius</strong></span> <span class='ocrx_word' id='word_1_28' title='bbox 1379 661 1473 691; x_wconf 88' lang='lat' dir='ltr'><strong>astat</strong></span> <span class='ocrx_word' id='word_1_29' title='bbox 1485 655 1670 690; x_wconf 86' lang='lat' dir='ltr'><strong>Andream</strong></span> 
     </span>
    </p>
   </div>
   <div class='ocr_carea' id='block_1_4' title="bbox 360 732 1734 786">
    <p class='ocr_par' dir='ltr' id='par_1_4' title="bbox 360 732 1734 786">
     <span class='ocr_line' id='line_1_5' title="bbox 360 732 1734 786; baseline -0.004 -10"><span class='ocrx_word' id='word_1_30' title='bbox 360 743 582 786; x_wconf 89' lang='lat' dir='ltr'><strong>postulatum</strong></span> <span class='ocrx_word' id='word_1_31' title='bbox 601 732 701 776; x_wconf 82' lang='lat' dir='ltr'><strong>arma</strong></span> <span class='ocrx_word' id='word_1_32' title='bbox 722 742 865 786; x_wconf 88' lang='lat' dir='ltr'><strong>cepisse,</strong></span> <span class='ocrx_word' id='word_1_33' title='bbox 883 746 919 776; x_wconf 89' lang='lat' dir='ltr'><strong>et</strong></span> <span class='ocrx_word' id='word_1_34' title='bbox 936 746 1059 775; x_wconf 87' lang='lat' dir='ltr'><strong>contra</strong></span> <span class='ocrx_word' id='word_1_35' title='bbox 1075 741 1292 785; x_wconf 89' lang='lat' dir='ltr'><strong>episcopum,</strong></span> <span class='ocrx_word' id='word_1_36' title='bbox 1315 740 1361 773; x_wconf 88' lang='lat' dir='ltr'><strong>ad</strong></span> <span class='ocrx_word' id='word_1_37' title='bbox 1378 739 1553 773; x_wconf 90' lang='lat' dir='ltr'><strong>tuendum</strong></span> <span class='ocrx_word' id='word_1_38' title='bbox 1571 738 1669 783; x_wconf 85' lang='lat' dir='ltr'><strong>pala-</strong></span> <span class='ocrx_word' id='word_1_39' title='bbox 1732 750 1734 752; x_wconf 66' lang='grc'>’</span> 
     </span>
    </p>
   </div>
   <div class='ocr_carea' id='block_1_5' title="bbox 359 821 1671 2181">
    <p class='ocr_par' dir='ltr' id='par_1_5' title="bbox 359 821 1671 2181">
     <span class='ocr_line' id='line_1_6' title="bbox 362 821 1670 868; baseline -0.004 -10"><span class='ocrx_word' id='word_1_40' title='bbox 362 824 454 858; x_wconf 89' lang='lat' dir='ltr'><strong>tium</strong></span> <span class='ocrx_word' id='word_1_41' title='bbox 474 825 511 858; x_wconf 92' lang='lat' dir='ltr'><strong>in</strong></span> <span class='ocrx_word' id='word_1_42' title='bbox 531 824 694 868; x_wconf 91' lang='lat' dir='ltr'><strong>proximo</strong></span> <span class='ocrx_word' id='word_1_43' title='bbox 712 824 912 858; x_wconf 88' lang='lat' dir='ltr'><strong>venientem</strong></span> <span class='ocrx_word' id='word_1_44' title='bbox 930 827 1083 857; x_wconf 82' lang='lat' dir='ltr'><strong>enarrat.</strong></span> <span class='ocrx_word' id='word_1_45' title='bbox 1123 822 1228 856; x_wconf 90' lang='lat' dir='ltr'><strong>Tunc</strong></span> <span class='ocrx_word' id='word_1_46' title='bbox 1249 833 1293 855; x_wconf 83' lang='lat' dir='ltr'><strong>ex</strong></span> <span class='ocrx_word' id='word_1_47' title='bbox 1311 821 1502 866; x_wconf 86' lang='lat' dir='ltr'><strong>campanili</strong></span> <span class='ocrx_word' id='word_1_48' title='bbox 1520 824 1556 854; x_wconf 89' lang='lat' dir='ltr'><strong>et</strong></span> <span class='ocrx_word' id='word_1_49' title='bbox 1573 821 1670 865; x_wconf 87' lang='lat' dir='ltr'><strong>pala-</strong></span> 
     </span>
     <span class='ocr_line' id='line_1_7' title="bbox 362 902 1671 951; baseline -0.004 -11"><span class='ocrx_word' id='word_1_50' title='bbox 362 906 412 940; x_wconf 92' lang='lat' dir='ltr'><strong>tio</strong></span> <span class='ocrx_word' id='word_1_51' title='bbox 438 906 626 950; x_wconf 86' lang='lat' dir='ltr'><strong>episcopali</strong></span> <span class='ocrx_word' id='word_1_52' title='bbox 645 910 823 939; x_wconf 86' lang='lat' dir='ltr'><strong>tormenta</strong></span> <span class='ocrx_word' id='word_1_53' title='bbox 835 906 1043 951; x_wconf 82' lang='lat' dir='ltr'><strong>jaciuntur3</strong></span> <span class='ocrx_word' id='word_1_54' title='bbox 1075 904 1210 938; x_wconf 88' lang='lat' dir='ltr'><strong>nobiles</strong></span> <span class='ocrx_word' id='word_1_55' title='bbox 1229 915 1310 938; x_wconf 93' lang='lat' dir='ltr'><strong>cum</strong></span> <span class='ocrx_word' id='word_1_56' title='bbox 1328 904 1491 948; x_wconf 90' lang='lat' dir='ltr'><strong>episcopo</strong></span> <span class='ocrx_word' id='word_1_57' title='bbox 1509 914 1574 947; x_wconf 88' lang='lat' dir='ltr'><strong>pro</strong></span> <span class='ocrx_word' id='word_1_58' title='bbox 1592 902 1671 948; x_wconf 90' lang='lat' dir='ltr'><strong>ejus</strong></span> 
     </span>
     <span class='ocr_line' id='line_1_8' title="bbox 364 984 1670 1032; baseline -0.003 -11"><span class='ocrx_word' id='word_1_59' title='bbox 364 987 566 1021; x_wconf 86' lang='lat' dir='ltr'><strong>defensione</strong></span> <span class='ocrx_word' id='word_1_60' title='bbox 592 998 629 1021; x_wconf 90' lang='lat' dir='ltr'><strong>se</strong></span> <span class='ocrx_word' id='word_1_61' title='bbox 654 992 814 1032; x_wconf 82' lang='lat' dir='ltr'><strong>ponunt3</strong></span> <span class='ocrx_word' id='word_1_62' title='bbox 838 987 966 1021; x_wconf 90' lang='lat' dir='ltr'><strong>nobilis</strong></span> <span class='ocrx_word' id='word_1_63' title='bbox 977 987 1144 1027; x_wconf 86' lang='lat' dir='ltr'><strong>decanus,</strong></span> <span class='ocrx_word' id='word_1_64' title='bbox 1162 985 1316 1020; x_wconf 86' lang='lat' dir='ltr'><strong>Jacobus</strong></span> <span class='ocrx_word' id='word_1_65' title='bbox 1334 986 1501 1019; x_wconf 88' lang='lat' dir='ltr'><strong>dominus</strong></span> <span class='ocrx_word' id='word_1_66' title='bbox 1522 984 1670 1030; x_wconf 81' lang='lat' dir='ltr'><strong>Ogilvy,</strong></span> 
     </span>
     <span class='ocr_line' id='line_1_9' title="bbox 361 1066 1671 1115; baseline -0.002 -12"><span class='ocrx_word' id='word_1_67' title='bbox 361 1069 480 1103; x_wconf 89' lang='lat' dir='ltr'><strong>David</strong></span> <span class='ocrx_word' id='word_1_68' title='bbox 498 1069 676 1115; x_wconf 86' lang='lat' dir='ltr'><strong>Magister</strong></span> <span class='ocrx_word' id='word_1_69' title='bbox 693 1068 941 1109; x_wconf 85' lang='lat' dir='ltr'><strong>Crawfurdiae,</strong></span> <span class='ocrx_word' id='word_1_70' title='bbox 955 1069 1103 1103; x_wconf 88' lang='lat' dir='ltr'><strong>Colinus</strong></span> <span class='ocrx_word' id='word_1_71' title='bbox 1121 1068 1305 1113; x_wconf 87' lang='lat' dir='ltr'><strong>Campbell</strong></span> <span class='ocrx_word' id='word_1_72' title='bbox 1324 1068 1367 1101; x_wconf 90' lang='lat' dir='ltr'><strong>de</strong></span> <span class='ocrx_word' id='word_1_73' title='bbox 1386 1066 1671 1111; x_wconf 84' lang='lat' dir='ltr'><strong>Glenurquhare,</strong></span> 
     </span>
     <span class='ocr_line' id='line_1_10' title="bbox 361 1149 1671 1196; baseline -0.002 -12"><span class='ocrx_word' id='word_1_74' title='bbox 361 1151 537 1184; x_wconf 88' lang='lat' dir='ltr'><strong>Dominus</strong></span> <span class='ocrx_word' id='word_1_75' title='bbox 550 1151 776 1196; x_wconf 86' lang='lat' dir='ltr'><strong>Kynfawnis,</strong></span> <span class='ocrx_word' id='word_1_76' title='bbox 790 1151 1056 1195; x_wconf 76' lang='lat' dir='ltr'><strong>praebendarius</strong></span> <span class='ocrx_word' id='word_1_77' title='bbox 1075 1151 1118 1184; x_wconf 90' lang='lat' dir='ltr'><strong>de</strong></span> <span class='ocrx_word' id='word_1_78' title='bbox 1135 1149 1263 1195; x_wconf 87' lang='lat' dir='ltr'><strong>Alyth,</strong></span> <span class='ocrx_word' id='word_1_79' title='bbox 1275 1154 1310 1184; x_wconf 88' lang='lat' dir='ltr'><strong>et</strong></span> <span class='ocrx_word' id='word_1_80' title='bbox 1328 1150 1433 1184; x_wconf 90' lang='lat' dir='ltr'><strong>multi</strong></span> <span class='ocrx_word' id='word_1_81' title='bbox 1451 1149 1512 1183; x_wconf 88' lang='lat' dir='ltr'><strong>alii</strong></span> <span class='ocrx_word' id='word_1_82' title='bbox 1531 1149 1671 1182; x_wconf 86' lang='lat' dir='ltr'><strong>ecclesi-</strong></span> 
     </span>
     <span class='ocr_line' id='line_1_11' title="bbox 361 1232 1668 1279; baseline -0.001 -13"><span class='ocrx_word' id='word_1_83' title='bbox 361 1233 472 1267; x_wconf 87' lang='lat' dir='ltr'><strong>astici.</strong></span> <span class='ocrx_word' id='word_1_84' title='bbox 500 1232 650 1267; x_wconf 82' lang='lat' dir='ltr'><strong>Interim</strong></span> <span class='ocrx_word' id='word_1_85' title='bbox 669 1234 829 1267; x_wconf 88' lang='lat' dir='ltr'><strong>mittitur</strong></span> <span class='ocrx_word' id='word_1_86' title='bbox 845 1234 883 1267; x_wconf 93' lang='lat' dir='ltr'><strong>in</strong></span> <span class='ocrx_word' id='word_1_87' title='bbox 897 1233 1111 1279; x_wconf 86' lang='lat' dir='ltr'><strong>Angusiam,</strong></span> <span class='ocrx_word' id='word_1_88' title='bbox 1125 1237 1161 1267; x_wconf 89' lang='lat' dir='ltr'><strong>et</strong></span> <span class='ocrx_word' id='word_1_89' title='bbox 1179 1233 1266 1266; x_wconf 87' lang='lat' dir='ltr'><strong>alias</strong></span> <span class='ocrx_word' id='word_1_90' title='bbox 1283 1237 1415 1277; x_wconf 78' lang='lat' dir='ltr'><strong>parteS,</strong></span> <span class='ocrx_word' id='word_1_91' title='bbox 1429 1243 1495 1276; x_wconf 90' lang='lat' dir='ltr'><strong>pro</strong></span> <span class='ocrx_word' id='word_1_92' title='bbox 1508 1232 1668 1276; x_wconf 86' lang='lat' dir='ltr'><strong>&#39;episcopi</strong></span> 
     </span>
     <span class='ocr_line' id='line_1_12' title="bbox 360 1313 1671 1355; baseline -0.001 -7"><span class='ocrx_word' id='word_1_93' title='bbox 360 1316 493 1355; x_wconf 89' lang='lat' dir='ltr'><strong>amicis,</strong></span> <span class='ocrx_word' id='word_1_94' title='bbox 516 1319 551 1349; x_wconf 87' lang='lat' dir='ltr'><strong>et</strong></span> <span class='ocrx_word' id='word_1_95' title='bbox 573 1316 611 1349; x_wconf 91' lang='lat' dir='ltr'><strong>in</strong></span> <span class='ocrx_word' id='word_1_96' title='bbox 635 1316 829 1349; x_wconf 87' lang='lat' dir='ltr'><strong>crastinum</strong></span> <span class='ocrx_word' id='word_1_97' title='bbox 854 1320 1095 1349; x_wconf 87' lang='lat' dir='ltr'><strong>convenerunt</strong></span> <span class='ocrx_word' id='word_1_98' title='bbox 1119 1326 1141 1348; x_wconf 86' lang='lat' dir='ltr'><strong>a</strong></span> <span class='ocrx_word' id='word_1_99' title='bbox 1159 1315 1356 1354; x_wconf 87' lang='lat' dir='ltr'><strong>Montrose,</strong></span> <span class='ocrx_word' id='word_1_100' title='bbox 1381 1318 1417 1348; x_wconf 90' lang='lat' dir='ltr'><strong>et</strong></span> <span class='ocrx_word' id='word_1_101' title='bbox 1440 1313 1671 1348; x_wconf 87' lang='lat' dir='ltr'><strong>inferioribus</strong></span> 
     </span>
     <span class='ocr_line' id='line_1_13' title="bbox 359 1397 1671 1443; baseline -0.002 -12"><span class='ocrx_word' id='word_1_102' title='bbox 359 1397 520 1441; x_wconf 89' lang='lat' dir='ltr'><strong>partibus</strong></span> <span class='ocrx_word' id='word_1_103' title='bbox 535 1398 577 1431; x_wconf 90' lang='lat' dir='ltr'><strong>de</strong></span> <span class='ocrx_word' id='word_1_104' title='bbox 590 1397 703 1442; x_wconf 84' lang='lat' dir='ltr'><strong>Fyffe,</strong></span> <span class='ocrx_word' id='word_1_105' title='bbox 715 1403 751 1432; x_wconf 88' lang='lat' dir='ltr'><strong>et</strong></span> <span class='ocrx_word' id='word_1_106' title='bbox 768 1409 811 1431; x_wconf 83' lang='lat' dir='ltr'><strong>ex</strong></span> <span class='ocrx_word' id='word_1_107' title='bbox 823 1399 920 1432; x_wconf 89' lang='lat' dir='ltr'><strong>omni</strong></span> <span class='ocrx_word' id='word_1_108' title='bbox 935 1403 1035 1442; x_wconf 89' lang='lat' dir='ltr'><strong>parte</strong></span> <span class='ocrx_word' id='word_1_109' title='bbox 1054 1397 1335 1443; x_wconf 85' lang='lat' dir='ltr'><strong>circumjacente,</strong></span> <span class='ocrx_word' id='word_1_110' title='bbox 1351 1397 1388 1430; x_wconf 85' lang='lat' dir='ltr'><strong>in</strong></span> <span class='ocrx_word' id='word_1_111' title='bbox 1402 1397 1560 1430; x_wconf 81' lang='lat' dir='ltr'><strong>maxima</strong></span> <span class='ocrx_word' id='word_1_112' title='bbox 1578 1397 1671 1429; x_wconf 91' lang='lat' dir='ltr'><strong>mul-</strong></span> 
     </span>
     <span class='ocr_line' id='line_1_14' title="bbox 360 1478 1670 1524; baseline -0.001 -12"><span class='ocrx_word' id='word_1_113' title='bbox 360 1479 525 1518; x_wconf 89' lang='lat' dir='ltr'><strong>titudine,</strong></span> <span class='ocrx_word' id='word_1_114' title='bbox 546 1490 653 1523; x_wconf 91' lang='lat' dir='ltr'><strong>quam</strong></span> <span class='ocrx_word' id='word_1_115' title='bbox 676 1480 737 1513; x_wconf 85' lang='lat' dir='ltr'><strong>vix</strong></span> <span class='ocrx_word' id='word_1_116' title='bbox 760 1484 900 1524; x_wconf 88' lang='lat' dir='ltr'><strong>poterat</strong></span> <span class='ocrx_word' id='word_1_117' title='bbox 924 1480 1049 1513; x_wconf 87' lang='lat' dir='ltr'><strong>civitas</strong></span> <span class='ocrx_word' id='word_1_118' title='bbox 1074 1490 1208 1524; x_wconf 87' lang='lat' dir='ltr'><strong>capere.</strong></span> <span class='ocrx_word' id='word_1_119' title='bbox 1252 1478 1349 1512; x_wconf 91' lang='lat' dir='ltr'><strong>Tum</strong></span> <span class='ocrx_word' id='word_1_120' title='bbox 1371 1479 1491 1512; x_wconf 82' lang='lat' dir='ltr'><strong>taliter</strong></span> <span class='ocrx_word' id='word_1_121' title='bbox 1516 1489 1579 1523; x_wconf 88' lang='lat' dir='ltr'><strong>per</strong></span> <span class='ocrx_word' id='word_1_122' title='bbox 1597 1479 1670 1511; x_wconf 92' lang='lat' dir='ltr'><strong>dic-</strong></span> 
     </span>
     <span class='ocr_line' id='line_1_15' title="bbox 360 1560 1667 1606; baseline -0.002 -11"><span class='ocrx_word' id='word_1_123' title='bbox 360 1566 437 1594; x_wconf 87' lang='lat' dir='ltr'><strong>tum</strong></span> <span class='ocrx_word' id='word_1_124' title='bbox 449 1561 735 1605; x_wconf 75' lang='lat' dir='ltr'><strong>praebendarium</strong></span> <span class='ocrx_word' id='word_1_125' title='bbox 752 1562 794 1595; x_wconf 90' lang='lat' dir='ltr'><strong>de</strong></span> <span class='ocrx_word' id='word_1_126' title='bbox 806 1560 921 1606; x_wconf 91' lang='lat' dir='ltr'><strong>Alyth</strong></span> <span class='ocrx_word' id='word_1_127' title='bbox 933 1562 1128 1606; x_wconf 91' lang='lat' dir='ltr'><strong>provisum,</strong></span> <span class='ocrx_word' id='word_1_128' title='bbox 1140 1565 1181 1595; x_wconf 88' lang='lat' dir='ltr'><strong>ut</strong></span> <span class='ocrx_word' id='word_1_129' title='bbox 1195 1572 1258 1594; x_wconf 91' lang='lat' dir='ltr'><strong>nec</strong></span> <span class='ocrx_word' id='word_1_130' title='bbox 1272 1560 1477 1594; x_wconf 86' lang='lat' dir='ltr'><strong>hominibus</strong></span> <span class='ocrx_word' id='word_1_131' title='bbox 1491 1571 1555 1593; x_wconf 89' lang='lat' dir='ltr'><strong>nec</strong></span> <span class='ocrx_word' id='word_1_132' title='bbox 1566 1560 1667 1605; x_wconf 86' lang='lat' dir='ltr'><strong>equis</strong></span> 
     </span>
     <span class='ocr_line' id='line_1_16' title="bbox 360 1642 1663 1688; baseline 0 -12"><span class='ocrx_word' id='word_1_133' title='bbox 360 1642 550 1677; x_wconf 85' lang='lat' dir='ltr'><strong>defuerunt</strong></span> <span class='ocrx_word' id='word_1_134' title='bbox 573 1644 738 1688; x_wconf 87' lang='lat' dir='ltr'><strong>hospitia,</strong></span> <span class='ocrx_word' id='word_1_135' title='bbox 765 1644 908 1684; x_wconf 85' lang='lat' dir='ltr'><strong>cibaria,</strong></span> <span class='ocrx_word' id='word_1_136' title='bbox 935 1644 1064 1688; x_wconf 86' lang='lat' dir='ltr'><strong>pabula</strong></span> <span class='ocrx_word' id='word_1_137' title='bbox 1086 1644 1142 1677; x_wconf 83' lang='lat' dir='ltr'><strong>vel</strong></span> <span class='ocrx_word' id='word_1_138' title='bbox 1168 1643 1318 1678; x_wconf 85' lang='lat' dir='ltr'><strong>stabula.</strong></span> <span class='ocrx_word' id='word_1_139' title='bbox 1362 1642 1571 1677; x_wconf 85' lang='lat' dir='ltr'><strong>Postulatus</strong></span> <span class='ocrx_word' id='word_1_140' title='bbox 1591 1653 1663 1676; x_wconf 91' lang='lat' dir='ltr'><strong>non</strong></span> 
     </span>
     <span class='ocr_line' id='line_1_17' title="bbox 360 1724 1668 1770; baseline 0 -13"><span class='ocrx_word' id='word_1_141' title='bbox 360 1725 483 1758; x_wconf 87' lang='lat' dir='ltr'><strong>valens</strong></span> <span class='ocrx_word' id='word_1_142' title='bbox 500 1725 672 1768; x_wconf 88' lang='lat' dir='ltr'><strong>palatium</strong></span> <span class='ocrx_word' id='word_1_143' title='bbox 685 1726 830 1765; x_wconf 89' lang='lat' dir='ltr'><strong>intrare,</strong></span> <span class='ocrx_word' id='word_1_144' title='bbox 844 1726 881 1759; x_wconf 89' lang='lat' dir='ltr'><strong>in</strong></span> <span class='ocrx_word' id='word_1_145' title='bbox 900 1726 1007 1760; x_wconf 88' lang='lat' dir='ltr'><strong>silvas</strong></span> <span class='ocrx_word' id='word_1_146' title='bbox 1026 1737 1063 1759; x_wconf 89' lang='lat' dir='ltr'><strong>se</strong></span> <span class='ocrx_word' id='word_1_147' title='bbox 1081 1726 1245 1770; x_wconf 87' lang='lat' dir='ltr'><strong>suscepit.</strong></span> <span class='ocrx_word' id='word_1_148' title='bbox 1273 1725 1378 1759; x_wconf 90' lang='lat' dir='ltr'><strong>Tunc</strong></span> <span class='ocrx_word' id='word_1_149' title='bbox 1395 1736 1439 1759; x_wconf 83' lang='lat' dir='ltr'><strong>ex</strong></span> <span class='ocrx_word' id='word_1_150' title='bbox 1456 1729 1558 1769; x_wconf 86' lang='lat' dir='ltr'><strong>parte</strong></span> <span class='ocrx_word' id='word_1_151' title='bbox 1576 1724 1668 1768; x_wconf 87' lang='lat' dir='ltr'><strong>epis-</strong></span> 
     </span>
     <span class='ocr_line' id='line_1_18' title="bbox 361 1806 1667 1852; baseline 0 -13"><span class='ocrx_word' id='word_1_152' title='bbox 361 1807 450 1850; x_wconf 84' lang='lat' dir='ltr'><strong>copi,</strong></span> <span class='ocrx_word' id='word_1_153' title='bbox 461 1811 620 1841; x_wconf 88' lang='lat' dir='ltr'><strong>tenentes</strong></span> <span class='ocrx_word' id='word_1_154' title='bbox 635 1808 830 1851; x_wconf 86' lang='lat' dir='ltr'><strong>campanile</strong></span> <span class='ocrx_word' id='word_1_155' title='bbox 842 1812 877 1841; x_wconf 88' lang='lat' dir='ltr'><strong>et</strong></span> <span class='ocrx_word' id='word_1_156' title='bbox 888 1808 1072 1852; x_wconf 87' lang='lat' dir='ltr'><strong>palatium,</strong></span> <span class='ocrx_word' id='word_1_157' title='bbox 1085 1807 1152 1841; x_wconf 89' lang='lat' dir='ltr'><strong>sub</strong></span> <span class='ocrx_word' id='word_1_158' title='bbox 1162 1806 1538 1841; x_wconf 86' lang='lat' dir='ltr'><strong>excommunicationis</strong></span> <span class='ocrx_word' id='word_1_159' title='bbox 1550 1816 1667 1850; x_wconf 87' lang='lat' dir='ltr'><strong>poena,</strong></span> 
     </span>
     <span class='ocr_line' id='line_1_19' title="bbox 364 1887 1666 1934; baseline 0 -13"><span class='ocrx_word' id='word_1_160' title='bbox 364 1888 490 1922; x_wconf 84' lang='lat' dir='ltr'><strong>moniti</strong></span> <span class='ocrx_word' id='word_1_161' title='bbox 508 1893 594 1923; x_wconf 89' lang='lat' dir='ltr'><strong>sunt</strong></span> <span class='ocrx_word' id='word_1_162' title='bbox 611 1900 653 1923; x_wconf 86' lang='lat' dir='ltr'><strong>ea</strong></span> <span class='ocrx_word' id='word_1_163' title='bbox 665 1889 829 1934; x_wconf 87' lang='lat' dir='ltr'><strong>episcopo</strong></span> <span class='ocrx_word' id='word_1_164' title='bbox 843 1890 981 1923; x_wconf 85' lang='lat' dir='ltr'><strong>tradere</strong></span> <span class='ocrx_word' id='word_1_165' title='bbox 994 1899 1003 1929; x_wconf 93' lang='lat'>;</span> <span class='ocrx_word' id='word_1_166' title='bbox 1023 1890 1117 1934; x_wconf 92' lang='lat' dir='ltr'><strong>quod</strong></span> <span class='ocrx_word' id='word_1_167' title='bbox 1132 1894 1331 1929; x_wconf 84' lang='lat' dir='ltr'><strong>renuentes,</strong></span> <span class='ocrx_word' id='word_1_168' title='bbox 1346 1888 1499 1933; x_wconf 89' lang='lat' dir='ltr'><strong>episcopi</strong></span> <span class='ocrx_word' id='word_1_169' title='bbox 1518 1887 1666 1927; x_wconf 88' lang='lat' dir='ltr'><strong>familia,</strong></span> 
     </span>
     <span class='ocr_line' id='line_1_20' title="bbox 363 1970 1667 2015; baseline 0 -12"><span class='ocrx_word' id='word_1_170' title='bbox 363 1981 444 2003; x_wconf 85' lang='lat' dir='ltr'><strong>cum</strong></span> <span class='ocrx_word' id='word_1_171' title='bbox 462 1970 591 2015; x_wconf 91' lang='lat' dir='ltr'><strong>quibus</strong></span> <span class='ocrx_word' id='word_1_172' title='bbox 609 1970 876 2015; x_wconf 78' lang='lat' dir='ltr'><strong>praebendarius</strong></span> <span class='ocrx_word' id='word_1_173' title='bbox 894 1976 929 2005; x_wconf 89' lang='lat' dir='ltr'><strong>et</strong></span> <span class='ocrx_word' id='word_1_174' title='bbox 946 1970 1099 2005; x_wconf 87' lang='lat' dir='ltr'><strong>Jacobus</strong></span> <span class='ocrx_word' id='word_1_175' title='bbox 1118 1970 1350 2010; x_wconf 71' lang='lat' dir='ltr'><strong>Carmichaei,</strong></span> <span class='ocrx_word' id='word_1_176' title='bbox 1369 1971 1405 2004; x_wconf 91' lang='lat' dir='ltr'><strong>vi</strong></span> <span class='ocrx_word' id='word_1_177' title='bbox 1424 1975 1459 2004; x_wconf 89' lang='lat' dir='ltr'><strong>et</strong></span> <span class='ocrx_word' id='word_1_178' title='bbox 1476 1970 1667 2014; x_wconf 86' lang='lat' dir='ltr'><strong>prudentia</strong></span> 
     </span>
     <span class='ocr_line' id='line_1_21' title="bbox 361 2052 1668 2097; baseline 0 -12"><span class='ocrx_word' id='word_1_179' title='bbox 361 2053 558 2096; x_wconf 84' lang='lat' dir='ltr'><strong>campanile</strong></span> <span class='ocrx_word' id='word_1_180' title='bbox 585 2052 827 2087; x_wconf 88' lang='lat' dir='ltr'><strong>obtinuerunt.</strong></span> <span class='ocrx_word' id='word_1_181' title='bbox 872 2052 975 2087; x_wconf 88' lang='lat' dir='ltr'><strong>Tunc</strong></span> <span class='ocrx_word' id='word_1_182' title='bbox 993 2053 1154 2087; x_wconf 89' lang='lat' dir='ltr'><strong>custodes</strong></span> <span class='ocrx_word' id='word_1_183' title='bbox 1173 2053 1297 2097; x_wconf 87' lang='lat' dir='ltr'><strong>palatii</strong></span> <span class='ocrx_word' id='word_1_184' title='bbox 1323 2053 1403 2097; x_wconf 89' lang='lat' dir='ltr'><strong>plus</strong></span> <span class='ocrx_word' id='word_1_185' title='bbox 1422 2053 1600 2092; x_wconf 83' lang='lat' dir='ltr'><strong>timentes,</strong></span> <span class='ocrx_word' id='word_1_186' title='bbox 1623 2053 1668 2085; x_wconf 89' lang='lat' dir='ltr'><strong>ad</strong></span> 
     </span>
     <span class='ocr_line' id='line_1_22' title="bbox 364 2134 1670 2181; baseline 0 -14"><span class='ocrx_word' id='word_1_187' title='bbox 364 2138 475 2168; x_wconf 84' lang='lat' dir='ltr'><strong>certas</strong></span> <span class='ocrx_word' id='word_1_188' title='bbox 494 2134 610 2175; x_wconf 86' lang='lat' dir='ltr'><strong>horas,</strong></span> <span class='ocrx_word' id='word_1_189' title='bbox 621 2139 765 2181; x_wconf 87' lang='lat' dir='ltr'><strong>treugas</strong></span> <span class='ocrx_word' id='word_1_190' title='bbox 783 2140 819 2169; x_wconf 89' lang='lat' dir='ltr'><strong>et</strong></span> <span class='ocrx_word' id='word_1_191' title='bbox 837 2135 1022 2169; x_wconf 88' lang='lat' dir='ltr'><strong>sententiae</strong></span> <span class='ocrx_word' id='word_1_192' title='bbox 1041 2135 1414 2169; x_wconf 87' lang='lat' dir='ltr'><strong>excommunicationis</strong></span> <span class='ocrx_word' id='word_1_193' title='bbox 1433 2135 1670 2169; x_wconf 88' lang='lat' dir='ltr'><strong>continuatio-</strong></span> 
     </span>
    </p>
   </div>
   <div class='ocr_carea' id='block_1_6' title="bbox 360 2216 1669 2261">
    <p class='ocr_par' dir='ltr' id='par_1_6' title="bbox 360 2216 1669 2261">
     <span class='ocr_line' id='line_1_23' title="bbox 360 2216 1669 2261; baseline 0 -12"><span class='ocrx_word' id='word_1_194' title='bbox 360 2226 452 2252; x_wconf 83' lang='lat' dir='ltr'><strong>nem,</strong></span> <span class='ocrx_word' id='word_1_195' title='bbox 470 2216 703 2251; x_wconf 86' lang='lat' dir='ltr'><strong>obtinuerunt</strong></span> <span class='ocrx_word' id='word_1_196' title='bbox 719 2227 727 2256; x_wconf 89' lang='grc'>;</span> <span class='ocrx_word' id='word_1_197' title='bbox 756 2217 844 2250; x_wconf 88' lang='lat' dir='ltr'><strong>hora</strong></span> <span class='ocrx_word' id='word_1_198' title='bbox 860 2222 981 2251; x_wconf 88' lang='lat' dir='ltr'><strong>tamen</strong></span> <span class='ocrx_word' id='word_1_199' title='bbox 1000 2217 1220 2257; x_wconf 84' lang='lat' dir='ltr'><strong>adveniente,</strong></span> <span class='ocrx_word' id='word_1_200' title='bbox 1239 2217 1412 2261; x_wconf 83' lang='lat' dir='ltr'><strong>palatium</strong></span> <span class='ocrx_word' id='word_1_201' title='bbox 1431 2221 1553 2251; x_wconf 87' lang='lat' dir='ltr'><strong>tamen</strong></span> <span class='ocrx_word' id='word_1_202' title='bbox 1570 2216 1669 2260; x_wconf 89' lang='lat' dir='ltr'><strong>prius</strong></span> 
     </span>
    </p>
   </div>
  </div>
 </body>
</html>
