<?xml version="1.0" encoding="UTF-8"?>
<!DOCTYPE html PUBLIC "-//W3C//DTD XHTML 1.0 Transitional//EN"
    "http://www.w3.org/TR/xhtml1/DTD/xhtml1-transitional.dtd">
<html xmlns="http://www.w3.org/1999/xhtml" xml:lang="en" lang="en">
 <head>
  <title>
</title>
<meta http-equiv="Content-Type" content="text/html;charset=utf-8" />
  <meta name='ocr-system' content='tesseract 3.04.00' />
  <meta name='ocr-capabilities' content='ocr_page ocr_carea ocr_par ocr_line ocrx_word'/>
</head>
<body>
  <div class='ocr_page' id='page_1' title='image "./vitaedvnkeldens102mylnuoft_0029.png"; bbox 0 0 1964 2894; ppageno 0'>
   <div class='ocr_carea' id='block_1_1' title="bbox 527 384 1643 418">
    <p class='ocr_par' dir='ltr' id='par_1_1' title="bbox 527 384 1643 418">
     <span class='ocr_line' id='line_1_1' title="bbox 527 384 1643 418; baseline 0.002 -2"><span class='ocrx_word' id='word_1_1' title='bbox 527 385 654 416; x_wconf 86' lang='lat' dir='ltr'>VITAE</span> <span class='ocrx_word' id='word_1_2' title='bbox 679 384 1017 417; x_wconf 89' lang='lat' dir='ltr'><strong>EPISCOPORUM</strong></span> <span class='ocrx_word' id='word_1_3' title='bbox 1040 384 1470 418; x_wconf 89' lang='lat' dir='ltr'><strong>DUNKELDENSIUM.</strong></span> <span class='ocrx_word' id='word_1_4' title='bbox 1623 387 1643 418; x_wconf 84' lang='lat'>7</span> 
     </span>
    </p>
   </div>
   <div class='ocr_carea' id='block_1_2' title="bbox 328 568 1646 2159">
    <p class='ocr_par' dir='ltr' id='par_1_2' title="bbox 328 568 1646 2159">
     <span class='ocr_line' id='line_1_2' title="bbox 397 568 1646 617; baseline -0.001 -13"><span class='ocrx_word' id='word_1_5' title='bbox 397 569 421 604; x_wconf 87' lang='lat' dir='ltr'>J</span> <span class='ocrx_word' id='word_1_6' title='bbox 423 569 670 604; x_wconf 88' lang='lat' dir='ltr'><strong>OHANNES</strong></span> <span class='ocrx_word' id='word_1_7' title='bbox 686 574 919 617; x_wconf 88' lang='lat' dir='ltr'><strong>cognomento</strong></span> <span class='ocrx_word' id='word_1_8' title='bbox 936 569 1073 610; x_wconf 90' lang='lat' dir='ltr'><strong>Scotus,</strong></span> <span class='ocrx_word' id='word_1_9' title='bbox 1085 570 1228 604; x_wconf 89' lang='lat' dir='ltr'><strong>natione</strong></span> <span class='ocrx_word' id='word_1_10' title='bbox 1245 574 1365 603; x_wconf 89' lang='lat' dir='ltr'><strong>tamen</strong></span> <span class='ocrx_word' id='word_1_11' title='bbox 1381 568 1567 615; x_wconf 87' lang='lat' dir='ltr'><strong>Anglicus,</strong></span> <span class='ocrx_word' id='word_1_12' title='bbox 1585 571 1646 614; x_wconf 90' lang='lat' dir='ltr'><strong>qui</strong></span> 
     </span>
     <span class='ocr_line' id='line_1_3' title="bbox 348 650 1646 696; baseline -0.002 -10"><span class='ocrx_word' id='word_1_13' title='bbox 348 656 453 686; x_wconf 89' lang='lat' dir='ltr'><strong>antea</strong></span> <span class='ocrx_word' id='word_1_14' title='bbox 478 651 598 686; x_wconf 85' lang='lat' dir='ltr'><strong>Sancti</strong></span> <span class='ocrx_word' id='word_1_15' title='bbox 623 650 779 686; x_wconf 87' lang='lat' dir='ltr'><strong>Andreae</strong></span> <span class='ocrx_word' id='word_1_16' title='bbox 806 651 1084 691; x_wconf 72' lang='lat' dir='ltr'><strong>archidiaconus,</strong></span> <span class='ocrx_word' id='word_1_17' title='bbox 1109 651 1148 685; x_wconf 91' lang='lat' dir='ltr'><strong>in</strong></span> <span class='ocrx_word' id='word_1_18' title='bbox 1177 650 1380 696; x_wconf 88' lang='lat' dir='ltr'><strong>episcopum</strong></span> <span class='ocrx_word' id='word_1_19' title='bbox 1409 651 1567 696; x_wconf 87' lang='lat' dir='ltr'><strong>ejusdem</strong></span> <span class='ocrx_word' id='word_1_20' title='bbox 1593 656 1646 685; x_wconf 87' lang='lat' dir='ltr'><strong>est</strong></span> 
     </span>
     <span class='ocr_line' id='line_1_4' title="bbox 347 731 1643 777; baseline 0.001 -12"><span class='ocrx_word' id='word_1_21' title='bbox 347 733 489 773; x_wconf 86' lang='lat' dir='ltr'><strong>electus,</strong></span> <span class='ocrx_word' id='word_1_22' title='bbox 514 743 608 766; x_wconf 89' lang='lat' dir='ltr'><strong>anno</strong></span> <span class='ocrx_word' id='word_1_23' title='bbox 637 732 772 766; x_wconf 90' lang='lat' dir='ltr'><strong>domini</strong></span> <span class='ocrx_word' id='word_1_24' title='bbox 805 731 993 765; x_wconf 87' lang='lat' dir='ltr'><strong>millesimo</strong></span> <span class='ocrx_word' id='word_1_25' title='bbox 1023 731 1214 765; x_wconf 83' lang='lat' dir='ltr'><strong>centesimo</strong></span> <span class='ocrx_word' id='word_1_26' title='bbox 1238 732 1457 777; x_wconf 87' lang='lat' dir='ltr'><strong>sexagesimo</strong></span> <span class='ocrx_word' id='word_1_27' title='bbox 1483 732 1643 776; x_wconf 90' lang='lat' dir='ltr'><strong>septimo.</strong></span> 
     </span>
     <span class='ocr_line' id='line_1_5' title="bbox 346 811 1643 856; baseline -0.001 -9"><span class='ocrx_word' id='word_1_28' title='bbox 346 813 426 847; x_wconf 84' lang='lat' dir='ltr'><strong>Rex</strong></span> <span class='ocrx_word' id='word_1_29' title='bbox 449 818 568 847; x_wconf 87' lang='lat' dir='ltr'><strong>tamen</strong></span> <span class='ocrx_word' id='word_1_30' title='bbox 585 812 787 846; x_wconf 86' lang='lat' dir='ltr'><strong>Willelmus</strong></span> <span class='ocrx_word' id='word_1_31' title='bbox 810 811 862 846; x_wconf 90' lang='lat' dir='ltr'><strong>illi</strong></span> <span class='ocrx_word' id='word_1_32' title='bbox 885 811 1046 845; x_wconf 84' lang='lat' dir='ltr'><strong>electioni</strong></span> <span class='ocrx_word' id='word_1_33' title='bbox 1068 811 1257 851; x_wconf 86' lang='lat' dir='ltr'><strong>dissentiit‚</strong></span> <span class='ocrx_word' id='word_1_34' title='bbox 1280 816 1315 845; x_wconf 87' lang='lat' dir='ltr'><strong>et</strong></span> <span class='ocrx_word' id='word_1_35' title='bbox 1341 812 1437 856; x_wconf 91' lang='lat' dir='ltr'><strong>quod</strong></span> <span class='ocrx_word' id='word_1_36' title='bbox 1459 822 1643 856; x_wconf 88' lang='lat' dir='ltr'><strong>nunquam</strong></span> 
     </span>
     <span class='ocr_line' id='line_1_6' title="bbox 343 891 1642 939; baseline -0.001 -11"><span class='ocrx_word' id='word_1_37' title='bbox 343 894 388 928; x_wconf 87' lang='lat' dir='ltr'><strong>ad</strong></span> <span class='ocrx_word' id='word_1_38' title='bbox 414 894 517 928; x_wconf 87' lang='lat' dir='ltr'><strong>illum</strong></span> <span class='ocrx_word' id='word_1_39' title='bbox 543 894 784 939; x_wconf 87' lang='lat' dir='ltr'><strong>episcopatum</strong></span> <span class='ocrx_word' id='word_1_40' title='bbox 809 891 1058 927; x_wconf 71' lang='lat' dir='ltr'><strong>admitteretur</strong></span> <span class='ocrx_word' id='word_1_41' title='bbox 1080 903 1143 937; x_wconf 90' lang='lat' dir='ltr'><strong>per</strong></span> <span class='ocrx_word' id='word_1_42' title='bbox 1168 891 1354 926; x_wconf 87' lang='lat' dir='ltr'>brachium</span> <span class='ocrx_word' id='word_1_43' title='bbox 1377 891 1498 927; x_wconf 83' lang='lat' dir='ltr'><strong>Sancti</strong></span> <span class='ocrx_word' id='word_1_44' title='bbox 1518 892 1642 928; x_wconf 90' lang='lat' dir='ltr'><strong>Jacobi</strong></span> 
     </span>
     <span class='ocr_line' id='line_1_7' title="bbox 340 974 1642 1022; baseline -0.001 -11"><span class='ocrx_word' id='word_1_45' title='bbox 340 977 503 1022; x_wconf 86' lang='lat' dir='ltr'><strong>juravit;</strong></span> <span class='ocrx_word' id='word_1_46' title='bbox 530 977 819 1021; x_wconf 88' lang='lat' dir='ltr'><strong>capellanumque</strong></span> <span class='ocrx_word' id='word_1_47' title='bbox 835 986 941 1010; x_wconf 89' lang='lat' dir='ltr'><strong>suum</strong></span> <span class='ocrx_word' id='word_1_48' title='bbox 960 974 1153 1022; x_wconf 83' lang='lat' dir='ltr'><strong>Hugonem</strong></span> <span class='ocrx_word' id='word_1_49' title='bbox 1173 975 1273 1021; x_wconf 88' lang='lat' dir='ltr'><strong>regia</strong></span> <span class='ocrx_word' id='word_1_50' title='bbox 1292 975 1502 1009; x_wconf 87' lang='lat' dir='ltr'><strong>auctoritate</strong></span> <span class='ocrx_word' id='word_1_51' title='bbox 1523 986 1642 1010; x_wconf 91' lang='lat' dir='ltr'><strong>conse-</strong></span> 
     </span>
     <span class='ocr_line' id='line_1_8' title="bbox 343 1039 1640 1104; baseline 0 -11"><span class='ocrx_word' id='word_1_52' title='bbox 343 1059 435 1093; x_wconf 90' lang='lat' dir='ltr'><strong>crari</strong></span> <span class='ocrx_word' id='word_1_53' title='bbox 451 1058 558 1099; x_wconf 89' lang='lat' dir='ltr'><strong>fecit;</strong></span> <span class='ocrx_word' id='word_1_54' title='bbox 585 1059 670 1104; x_wconf 86' lang='lat' dir='ltr'><strong>quia</strong></span> <span class='ocrx_word' id='word_1_55' title='bbox 692 1059 807 1093; x_wconf 89' lang='lat' dir='ltr'><strong>dictus</strong></span> <span class='ocrx_word' id='word_1_56' title='bbox 824 1057 848 1092; x_wconf 89' lang='lat' dir='ltr'><strong>J</strong></span> <span class='ocrx_word' id='word_1_57' title='bbox 849 1058 1005 1092; x_wconf 89' lang='lat' dir='ltr'><strong>ohannes</strong></span> <span class='ocrx_word' id='word_1_58' title='bbox 1022 1039 1165 1092; x_wconf 87' lang='lat' dir='ltr'><strong>natione</strong></span> <span class='ocrx_word' id='word_1_59' title='bbox 1182 1056 1357 1104; x_wconf 87' lang='lat' dir='ltr'><strong>Anglicus</strong></span> <span class='ocrx_word' id='word_1_60' title='bbox 1374 1063 1461 1099; x_wconf 89' lang='lat' dir='ltr'><strong>erat,</strong></span> <span class='ocrx_word' id='word_1_61' title='bbox 1478 1063 1514 1093; x_wconf 86' lang='lat' dir='ltr'><strong>et</strong></span> <span class='ocrx_word' id='word_1_62' title='bbox 1534 1063 1640 1093; x_wconf 89' lang='lat' dir='ltr'><strong>natus</strong></span> 
     </span>
     <span class='ocr_line' id='line_1_9' title="bbox 342 1140 1640 1185; baseline 0 -10"><span class='ocrx_word' id='word_1_63' title='bbox 342 1142 381 1175; x_wconf 94' lang='lat' dir='ltr'><strong>in</strong></span> <span class='ocrx_word' id='word_1_64' title='bbox 399 1141 484 1175; x_wconf 89' lang='lat' dir='ltr'><strong>villa</strong></span> <span class='ocrx_word' id='word_1_65' title='bbox 500 1141 543 1175; x_wconf 89' lang='lat' dir='ltr'><strong>de</strong></span> <span class='ocrx_word' id='word_1_66' title='bbox 561 1141 711 1176; x_wconf 91' lang='lat' dir='ltr'><strong>Podoth.</strong></span> <span class='ocrx_word' id='word_1_67' title='bbox 743 1140 814 1175; x_wconf 87' lang='lat' dir='ltr'><strong>Hic</strong></span> <span class='ocrx_word' id='word_1_68' title='bbox 829 1140 854 1174; x_wconf 87' lang='lat' dir='ltr'><strong>J</strong></span> <span class='ocrx_word' id='word_1_69' title='bbox 855 1140 1023 1181; x_wconf 89' lang='lat' dir='ltr'><strong>ohannes,</strong></span> <span class='ocrx_word' id='word_1_70' title='bbox 1035 1144 1225 1185; x_wconf 86' lang='lat' dir='ltr'><strong>postquam</strong></span> <span class='ocrx_word' id='word_1_71' title='bbox 1242 1151 1264 1174; x_wconf 89' lang='lat' dir='ltr'><strong>a</strong></span> <span class='ocrx_word' id='word_1_72' title='bbox 1280 1140 1408 1175; x_wconf 88' lang='lat' dir='ltr'><strong>scholis</strong></span> <span class='ocrx_word' id='word_1_73' title='bbox 1426 1140 1573 1175; x_wconf 88' lang='lat' dir='ltr'><strong>Parisiis</strong></span> <span class='ocrx_word' id='word_1_74' title='bbox 1586 1152 1640 1175; x_wconf 91' lang='lat' dir='ltr'><strong>re-</strong></span> 
     </span>
     <span class='ocr_line' id='line_1_10' title="bbox 341 1221 1639 1269; baseline -0.001 -12"><span class='ocrx_word' id='word_1_75' title='bbox 341 1233 474 1263; x_wconf 89' lang='lat' dir='ltr'><strong>versus,</strong></span> <span class='ocrx_word' id='word_1_76' title='bbox 488 1223 674 1257; x_wconf 87' lang='lat' dir='ltr'><strong>devotione</strong></span> <span class='ocrx_word' id='word_1_77' title='bbox 691 1223 896 1269; x_wconf 84' lang='lat' dir='ltr'><strong>instigante,</strong></span> <span class='ocrx_word' id='word_1_78' title='bbox 909 1223 1034 1257; x_wconf 82' lang='lat' dir='ltr'><strong>limina</strong></span> <span class='ocrx_word' id='word_1_79' title='bbox 1046 1222 1195 1267; x_wconf 89' lang='lat' dir='ltr'><strong>apostoli</strong></span> <span class='ocrx_word' id='word_1_80' title='bbox 1213 1222 1334 1256; x_wconf 88' lang='lat' dir='ltr'><strong>Sancti</strong></span> <span class='ocrx_word' id='word_1_81' title='bbox 1347 1221 1504 1257; x_wconf 87' lang='lat' dir='ltr'><strong>Andreae</strong></span> <span class='ocrx_word' id='word_1_82' title='bbox 1517 1222 1639 1257; x_wconf 83' lang='lat' dir='ltr'><strong>visita-</strong></span> 
     </span>
     <span class='ocr_line' id='line_1_11' title="bbox 339 1304 1638 1350; baseline 0 -12"><span class='ocrx_word' id='word_1_83' title='bbox 339 1305 402 1344; x_wconf 86' lang='lat' dir='ltr'><strong>vit,</strong></span> <span class='ocrx_word' id='word_1_84' title='bbox 420 1309 456 1339; x_wconf 86' lang='lat' dir='ltr'><strong>et</strong></span> <span class='ocrx_word' id='word_1_85' title='bbox 477 1305 523 1339; x_wconf 94' lang='lat' dir='ltr'><strong>ab</strong></span> <span class='ocrx_word' id='word_1_86' title='bbox 539 1305 701 1350; x_wconf 86' lang='lat' dir='ltr'><strong>episcopo</strong></span> <span class='ocrx_word' id='word_1_87' title='bbox 717 1304 869 1350; x_wconf 90' lang='lat' dir='ltr'><strong>benigne</strong></span> <span class='ocrx_word' id='word_1_88' title='bbox 890 1309 1084 1349; x_wconf 88' lang='lat' dir='ltr'><strong>susceptus,</strong></span> <span class='ocrx_word' id='word_1_89' title='bbox 1102 1315 1175 1338; x_wconf 88' lang='lat' dir='ltr'><strong>non</strong></span> <span class='ocrx_word' id='word_1_90' title='bbox 1197 1305 1352 1338; x_wconf 91' lang='lat' dir='ltr'><strong>multum</strong></span> <span class='ocrx_word' id='word_1_91' title='bbox 1371 1309 1452 1348; x_wconf 92' lang='lat' dir='ltr'><strong>post</strong></span> <span class='ocrx_word' id='word_1_92' title='bbox 1469 1304 1508 1338; x_wconf 88' lang='lat' dir='ltr'><strong>in</strong></span> <span class='ocrx_word' id='word_1_93' title='bbox 1525 1304 1638 1338; x_wconf 87' lang='lat' dir='ltr'><strong>archi-</strong></span> 
     </span>
     <span class='ocr_line' id='line_1_12' title="bbox 338 1383 1637 1430; baseline 0 -11"><span class='ocrx_word' id='word_1_94' title='bbox 338 1385 537 1426; x_wconf 86' lang='lat' dir='ltr'><strong>diaconum,</strong></span> <span class='ocrx_word' id='word_1_95' title='bbox 554 1390 590 1419; x_wconf 88' lang='lat' dir='ltr'><strong>et</strong></span> <span class='ocrx_word' id='word_1_96' title='bbox 609 1389 751 1420; x_wconf 91' lang='lat' dir='ltr'><strong>mortuo</strong></span> <span class='ocrx_word' id='word_1_97' title='bbox 768 1385 922 1419; x_wconf 87' lang='lat' dir='ltr'><strong>Ricardo</strong></span> <span class='ocrx_word' id='word_1_98' title='bbox 940 1384 1059 1419; x_wconf 88' lang='lat' dir='ltr'><strong>Sancti</strong></span> <span class='ocrx_word' id='word_1_99' title='bbox 1077 1383 1234 1420; x_wconf 90' lang='lat' dir='ltr'><strong>Andreae</strong></span> <span class='ocrx_word' id='word_1_100' title='bbox 1251 1385 1423 1430; x_wconf 90' lang='lat' dir='ltr'><strong>episcopo,</strong></span> <span class='ocrx_word' id='word_1_101' title='bbox 1440 1385 1503 1430; x_wconf 86' lang='lat' dir='ltr'><strong>qui</strong></span> <span class='ocrx_word' id='word_1_102' title='bbox 1519 1384 1637 1419; x_wconf 87' lang='lat' dir='ltr'><strong>fuerat</strong></span> 
     </span>
     <span class='ocr_line' id='line_1_13' title="bbox 335 1466 1637 1513; baseline 0 -12"><span class='ocrx_word' id='word_1_103' title='bbox 335 1467 535 1511; x_wconf 87' lang='lat' dir='ltr'><strong>capellanus</strong></span> <span class='ocrx_word' id='word_1_104' title='bbox 556 1466 737 1501; x_wconf 89' lang='lat' dir='ltr'><strong>Malcolmi</strong></span> <span class='ocrx_word' id='word_1_105' title='bbox 759 1467 864 1513; x_wconf 85' lang='lat' dir='ltr'><strong>regis,</strong></span> <span class='ocrx_word' id='word_1_106' title='bbox 886 1467 925 1501; x_wconf 91' lang='lat' dir='ltr'><strong>in</strong></span> <span class='ocrx_word' id='word_1_107' title='bbox 947 1467 1150 1512; x_wconf 89' lang='lat' dir='ltr'><strong>episcopum</strong></span> <span class='ocrx_word' id='word_1_108' title='bbox 1172 1471 1227 1500; x_wconf 90' lang='lat' dir='ltr'><strong>est</strong></span> <span class='ocrx_word' id='word_1_109' title='bbox 1247 1467 1399 1501; x_wconf 89' lang='lat' dir='ltr'><strong>electus:</strong></span> <span class='ocrx_word' id='word_1_110' title='bbox 1424 1466 1481 1501; x_wconf 89' lang='lat' dir='ltr'><strong>cui</strong></span> <span class='ocrx_word' id='word_1_111' title='bbox 1504 1467 1637 1501; x_wconf 87' lang='lat' dir='ltr'><strong>restitit</strong></span> 
     </span>
     <span class='ocr_line' id='line_1_14' title="bbox 338 1547 1634 1593; baseline -0.001 -11"><span class='ocrx_word' id='word_1_112' title='bbox 338 1559 400 1583; x_wconf 88' lang='lat' dir='ltr'><strong>rex</strong></span> <span class='ocrx_word' id='word_1_113' title='bbox 412 1547 614 1582; x_wconf 88' lang='lat' dir='ltr'><strong>Willehnus</strong></span> <span class='ocrx_word' id='word_1_114' title='bbox 628 1549 817 1593; x_wconf 90' lang='lat' dir='ltr'><strong>predictus,</strong></span> <span class='ocrx_word' id='word_1_115' title='bbox 830 1553 866 1582; x_wconf 90' lang='lat' dir='ltr'><strong>et</strong></span> <span class='ocrx_word' id='word_1_116' title='bbox 882 1553 957 1582; x_wconf 88' lang='lat' dir='ltr'><strong>tam</strong></span> <span class='ocrx_word' id='word_1_117' title='bbox 970 1559 1052 1581; x_wconf 91' lang='lat' dir='ltr'><strong>eum</strong></span> <span class='ocrx_word' id='word_1_118' title='bbox 1065 1558 1174 1592; x_wconf 89' lang='lat' dir='ltr'><strong>quam</strong></span> <span class='ocrx_word' id='word_1_119' title='bbox 1190 1558 1271 1582; x_wconf 89' lang='lat' dir='ltr'><strong>suos</strong></span> <span class='ocrx_word' id='word_1_120' title='bbox 1285 1548 1391 1582; x_wconf 82' lang='lat' dir='ltr'><strong>exilio</strong></span> <span class='ocrx_word' id='word_1_121' title='bbox 1404 1548 1634 1592; x_wconf 82' lang='lat' dir='ltr'><strong>dampnavit:</strong></span> 
     </span>
     <span class='ocr_line' id='line_1_15' title="bbox 333 1628 1634 1673; baseline 0.002 -11"><span class='ocrx_word' id='word_1_122' title='bbox 333 1628 438 1668; x_wconf 85' lang='lat' dir='ltr'><strong>Quod</strong></span> <span class='ocrx_word' id='word_1_123' title='bbox 457 1629 632 1673; x_wconf 87' lang='lat' dir='ltr'><strong>patienter</strong></span> <span class='ocrx_word' id='word_1_124' title='bbox 654 1629 843 1669; x_wconf 90' lang='lat' dir='ltr'><strong>sustinens,</strong></span> <span class='ocrx_word' id='word_1_125' title='bbox 865 1628 1001 1673; x_wconf 85' lang='lat' dir='ltr'><strong>Papam</strong></span> <span class='ocrx_word' id='word_1_126' title='bbox 1021 1628 1268 1662; x_wconf 82' lang='lat' dir='ltr'><strong>Alexandrum</strong></span> <span class='ocrx_word' id='word_1_127' title='bbox 1292 1629 1439 1663; x_wconf 86' lang='lat' dir='ltr'><strong>tertium</strong></span> <span class='ocrx_word' id='word_1_128' title='bbox 1461 1629 1561 1670; x_wconf 88' lang='lat' dir='ltr'><strong>adiit,</strong></span> <span class='ocrx_word' id='word_1_129' title='bbox 1578 1640 1634 1664; x_wconf 90' lang='lat' dir='ltr'><strong>ca-</strong></span> 
     </span>
     <span class='ocr_line' id='line_1_16' title="bbox 334 1708 1632 1753; baseline 0.002 -11"><span class='ocrx_word' id='word_1_130' title='bbox 334 1719 414 1742; x_wconf 89' lang='lat' dir='ltr'><strong>sum</strong></span> <span class='ocrx_word' id='word_1_131' title='bbox 426 1709 549 1742; x_wconf 88' lang='lat' dir='ltr'><strong>retulit</strong></span> <span class='ocrx_word' id='word_1_132' title='bbox 560 1718 571 1749; x_wconf 90' lang='lat'>;</span> <span class='ocrx_word' id='word_1_133' title='bbox 589 1719 660 1753; x_wconf 89' lang='lat' dir='ltr'><strong>quo</strong></span> <span class='ocrx_word' id='word_1_134' title='bbox 677 1709 810 1748; x_wconf 89' lang='lat' dir='ltr'><strong>audito,</strong></span> <span class='ocrx_word' id='word_1_135' title='bbox 824 1708 923 1753; x_wconf 89' lang='lat' dir='ltr'><strong>Papa</strong></span> <span class='ocrx_word' id='word_1_136' title='bbox 935 1719 1017 1742; x_wconf 90' lang='lat' dir='ltr'><strong>eum</strong></span> <span class='ocrx_word' id='word_1_137' title='bbox 1030 1708 1252 1743; x_wconf 88' lang='lat' dir='ltr'><strong>confirmavit</strong></span> <span class='ocrx_word' id='word_1_138' title='bbox 1265 1714 1301 1743; x_wconf 92' lang='lat' dir='ltr'><strong>et</strong></span> <span class='ocrx_word' id='word_1_139' title='bbox 1314 1708 1468 1743; x_wconf 85' lang='lat' dir='ltr'><strong>Scotiam</strong></span> <span class='ocrx_word' id='word_1_140' title='bbox 1485 1711 1632 1751; x_wconf 87' lang='lat' dir='ltr'><strong>remisit,</strong></span> 
     </span>
     <span class='ocr_line' id='line_1_17' title="bbox 332 1788 1633 1836; baseline 0.002 -13"><span class='ocrx_word' id='word_1_141' title='bbox 332 1800 372 1824; x_wconf 87' lang='lat' dir='ltr'><strong>ac</strong></span> <span class='ocrx_word' id='word_1_142' title='bbox 395 1799 514 1823; x_wconf 89' lang='lat' dir='ltr'><strong>secum</strong></span> <span class='ocrx_word' id='word_1_143' title='bbox 529 1788 680 1823; x_wconf 85' lang='lat' dir='ltr'><strong>Alexem</strong></span> <span class='ocrx_word' id='word_1_144' title='bbox 700 1790 887 1824; x_wconf 88' lang='lat' dir='ltr'><strong>diaconum</strong></span> <span class='ocrx_word' id='word_1_145' title='bbox 909 1789 1134 1824; x_wconf 86' lang='lat' dir='ltr'><strong>Cardinalem</strong></span> <span class='ocrx_word' id='word_1_146' title='bbox 1157 1791 1327 1824; x_wconf 88' lang='lat' dir='ltr'><strong>nuncium</strong></span> <span class='ocrx_word' id='word_1_147' title='bbox 1354 1790 1463 1831; x_wconf 86' lang='lat' dir='ltr'><strong>misit,</strong></span> <span class='ocrx_word' id='word_1_148' title='bbox 1489 1792 1551 1836; x_wconf 92' lang='lat' dir='ltr'><strong>qui</strong></span> <span class='ocrx_word' id='word_1_149' title='bbox 1571 1792 1633 1826; x_wconf 87' lang='lat' dir='ltr'><strong>vix</strong></span> 
     </span>
     <span class='ocr_line' id='line_1_18' title="bbox 331 1870 1629 1917; baseline 0.002 -12"><span class='ocrx_word' id='word_1_150' title='bbox 331 1882 414 1917; x_wconf 90' lang='lat' dir='ltr'><strong>rege</strong></span> <span class='ocrx_word' id='word_1_151' title='bbox 430 1871 656 1916; x_wconf 78' lang='lat' dir='ltr'><strong>permittente</strong></span> <span class='ocrx_word' id='word_1_152' title='bbox 673 1872 825 1916; x_wconf 84' lang='lat' dir='ltr'><strong>recepti:</strong></span> <span class='ocrx_word' id='word_1_153' title='bbox 851 1870 903 1906; x_wconf 91' lang='lat' dir='ltr'><strong>Et</strong></span> <span class='ocrx_word' id='word_1_154' title='bbox 924 1871 961 1905; x_wconf 86' lang='lat' dir='ltr'><strong>ni</strong></span> <span class='ocrx_word' id='word_1_155' title='bbox 979 1872 1158 1906; x_wconf 88' lang='lat' dir='ltr'><strong>resisteret</strong></span> <span class='ocrx_word' id='word_1_156' title='bbox 1174 1872 1289 1906; x_wconf 89' lang='lat' dir='ltr'><strong>dictus</strong></span> <span class='ocrx_word' id='word_1_157' title='bbox 1308 1871 1332 1905; x_wconf 88' lang='lat' dir='ltr'>J</span> <span class='ocrx_word' id='word_1_158' title='bbox 1334 1871 1491 1907; x_wconf 89' lang='lat' dir='ltr'><strong>ohannes</strong></span> <span class='ocrx_word' id='word_1_159' title='bbox 1509 1872 1629 1907; x_wconf 86' lang='lat' dir='ltr'><strong>Sancti</strong></span> 
     </span>
     <span class='ocr_line' id='line_1_19' title="bbox 330 1952 1629 1999; baseline 0.002 -13"><span class='ocrx_word' id='word_1_160' title='bbox 330 1952 487 1987; x_wconf 82' lang='lat' dir='ltr'><strong>Andreae</strong></span> <span class='ocrx_word' id='word_1_161' title='bbox 503 1953 697 1998; x_wconf 90' lang='lat' dir='ltr'><strong>episcopus,</strong></span> <span class='ocrx_word' id='word_1_162' title='bbox 714 1953 855 1987; x_wconf 88' lang='lat' dir='ltr'><strong>clericos</strong></span> <span class='ocrx_word' id='word_1_163' title='bbox 873 1953 967 1999; x_wconf 90' lang='lat' dir='ltr'><strong>regis</strong></span> <span class='ocrx_word' id='word_1_164' title='bbox 984 1953 1322 1987; x_wconf 82' lang='lat' dir='ltr'><strong>excommunicasset</strong></span> <span class='ocrx_word' id='word_1_165' title='bbox 1340 1958 1375 1988; x_wconf 92' lang='lat' dir='ltr'><strong>et</strong></span> <span class='ocrx_word' id='word_1_166' title='bbox 1393 1954 1558 1988; x_wconf 84' lang='lat' dir='ltr'><strong>diocesim</strong></span> <span class='ocrx_word' id='word_1_167' title='bbox 1575 1955 1629 1988; x_wconf 92' lang='lat' dir='ltr'><strong>in-</strong></span> 
     </span>
     <span class='ocr_line' id='line_1_20' title="bbox 328 2032 1626 2078; baseline 0.001 -11"><span class='ocrx_word' id='word_1_168' title='bbox 328 2032 550 2067; x_wconf 81' lang='lat' dir='ltr'><strong>terdixisset:</strong></span> <span class='ocrx_word' id='word_1_169' title='bbox 574 2032 643 2066; x_wconf 90' lang='lat' dir='ltr'><strong>Sed</strong></span> <span class='ocrx_word' id='word_1_170' title='bbox 655 2038 846 2068; x_wconf 89' lang='lat' dir='ltr'><strong>convocato</strong></span> <span class='ocrx_word' id='word_1_171' title='bbox 862 2034 1080 2078; x_wconf 89' lang='lat' dir='ltr'><strong>prelatorum</strong></span> <span class='ocrx_word' id='word_1_172' title='bbox 1097 2034 1242 2068; x_wconf 88' lang='lat' dir='ltr'><strong>consilio</strong></span> <span class='ocrx_word' id='word_1_173' title='bbox 1259 2034 1355 2078; x_wconf 90' lang='lat' dir='ltr'><strong>apud</strong></span> <span class='ocrx_word' id='word_1_174' title='bbox 1371 2035 1626 2069; x_wconf 87' lang='lat' dir='ltr'><strong>monasterium</strong></span> 
     </span>
     <span class='ocr_line' id='line_1_21' title="bbox 330 2112 1627 2159; baseline 0.001 -11"><span class='ocrx_word' id='word_1_175' title='bbox 330 2113 469 2148; x_wconf 87' lang='lat' dir='ltr'><strong>Sanctae</strong></span> <span class='ocrx_word' id='word_1_176' title='bbox 480 2112 615 2154; x_wconf 85' lang='lat' dir='ltr'><strong>Crucis,</strong></span> <span class='ocrx_word' id='word_1_177' title='bbox 625 2114 760 2148; x_wconf 86' lang='lat' dir='ltr'><strong>dictum</strong></span> <span class='ocrx_word' id='word_1_178' title='bbox 769 2113 794 2147; x_wconf 88' lang='lat' dir='ltr'><strong>J</strong></span> <span class='ocrx_word' id='word_1_179' title='bbox 794 2113 970 2148; x_wconf 88' lang='lat' dir='ltr'><strong>ohannem</strong></span> <span class='ocrx_word' id='word_1_180' title='bbox 984 2113 1104 2148; x_wconf 88' lang='lat' dir='ltr'><strong>Sancti</strong></span> <span class='ocrx_word' id='word_1_181' title='bbox 1117 2113 1275 2148; x_wconf 78' lang='lat' dir='ltr'><strong>Andreae</strong></span> <span class='ocrx_word' id='word_1_182' title='bbox 1285 2114 1490 2159; x_wconf 86' lang='lat' dir='ltr'><strong>episcopum</strong></span> <span class='ocrx_word' id='word_1_183' title='bbox 1502 2114 1627 2149; x_wconf 86' lang='lat' dir='ltr'><strong>confir-</strong></span> 
     </span>
    </p>
   </div>
   <div class='ocr_carea' id='block_1_3' title="bbox 326 2195 1620 2243">
    <p class='ocr_par' dir='ltr' id='par_1_3' title="bbox 326 2195 1620 2243">
     <span class='ocr_line' id='line_1_22' title="bbox 326 2195 1620 2243; baseline 0 -12"><span class='ocrx_word' id='word_1_184' title='bbox 326 2200 474 2237; x_wconf 88' lang='lat' dir='ltr'><strong>matum,</strong></span> <span class='ocrx_word' id='word_1_185' title='bbox 492 2207 555 2241; x_wconf 87' lang='lat' dir='ltr'><strong>per</strong></span> <span class='ocrx_word' id='word_1_186' title='bbox 572 2196 759 2232; x_wconf 85' lang='lat' dir='ltr'><strong>Matheum</strong></span> <span class='ocrx_word' id='word_1_187' title='bbox 776 2198 979 2243; x_wconf 86' lang='lat' dir='ltr'><strong>episcopum</strong></span> <span class='ocrx_word' id='word_1_188' title='bbox 995 2195 1285 2232; x_wconf 90' lang='lat' dir='ltr'><strong>Aberdonensem</strong></span> <span class='ocrx_word' id='word_1_189' title='bbox 1302 2197 1497 2232; x_wconf 90' lang='lat' dir='ltr'><strong>consecrari</strong></span> <span class='ocrx_word' id='word_1_190' title='bbox 1515 2196 1620 2238; x_wconf 82' lang='lat' dir='ltr'><strong>fecit;</strong></span> 
     </span>
    </p>
   </div>
  </div>
 </body>
</html>
