2044 2906
380 389 422 418 48
529 387 655 419 VITAE
680 387 1015 419 EPISCOPORUM
1039 385 1474 419 DUNKELDENSIUM.

383 492 419 525 in
431 492 687 536 reparationem
701 492 864 532 ecclesiae,
875 492 1004 536 pontis,
1015 496 1051 526 et
1062 490 1277 536 pauperibus
1289 490 1327 523 in
1338 488 1559 523 elimosinam
1574 488 1653 533 lego
1667 498 1677 527 ;

382 578 583 607 executores
606 573 793 613 constituo,
818 578 1070 617 precentorem,
1096 572 1385 606 archidiaconum
1406 574 1443 604 et
1465 569 1679 608 officialem,”

382 659 500 688 tamen
530 665 610 688 cum
638 654 842 688 continuam
875 654 1004 688 habuit
1032 653 1291 693 infirmitatem,
1327 652 1548 698 capellanum
1576 660 1680 684 suum

383 736 420 769 in
459 734 714 770 cubicularium
752 735 904 775 vocavit,
941 740 977 770 et
1015 735 1054 769 in
1092 745 1213 769 mense
1248 733 1379 780 Aprili,
1412 744 1507 767 anno
1547 731 1682 766 domini

382 816 446 850 M⁰.
465 815 641 850 CCCCC⁰.
664 816 799 851 decimo
823 820 963 862 quarto,
984 820 1237 851 testamentum
1260 826 1325 860 per
1349 814 1495 849 modum
1517 813 1683 847 indentu-

381 909 442 937 rae,
465 898 596 942 duplici
617 896 742 937 forma,
760 907 869 931 manu
893 896 1061 943 Magistri
1077 895 1254 931 Johannis
1272 895 1412 930 Thome
1432 895 1576 934 notarii,
1602 905 1682 928 sua-

380 989 448 1023 que
473 988 583 1012 manu
604 978 750 1023 propria
774 978 1025 1023 subscriptum,
1051 977 1157 1012 scribi
1182 977 1290 1017 fecit3
1323 976 1443 1011 debita
1467 976 1681 1014 annotavit;

380 1060 569 1094 successori
590 1070 654 1105 per
670 1070 851 1094 summum
872 1059 1075 1104 pontificem
1096 1058 1349 1104 promovendo,
1366 1057 1545 1097 utensilia,
1567 1061 1604 1091 et
1621 1057 1683 1091 do-

381 1141 513 1175 micilia
536 1141 660 1186 palatii
686 1140 949 1175 Dunkeldensis
975 1141 1119 1187 legavit,
1142 1141 1227 1186 quia
1252 1140 1327 1185 ipse
1352 1138 1513 1185 pontifex
1538 1139 1682 1173 effectus

381 1221 469 1256 nihil
498 1221 628 1255 horum
658 1221 697 1255 in
724 1222 857 1266 palatio
884 1221 1066 1256 obtinuit:
1101 1226 1138 1256 et
1167 1220 1447 1256 Indenturarum
1474 1220 1682 1267 hujusmodi

381 1307 518 1347 partem
548 1313 658 1337 unam
686 1302 918 1347 prebendario
944 1303 987 1337 de
1012 1301 1140 1348 Alyth,
1167 1307 1203 1337 et
1230 1302 1319 1337 mihi
1349 1303 1508 1342 alteram,
1535 1302 1683 1336 tradidit

380 1384 647 1418 conservandas.
675 1383 745 1418 Per
762 1384 860 1417 illam
882 1394 967 1417 vero
984 1388 1146 1418 aestatem
1164 1384 1260 1428 apud
1278 1384 1458 1418 ecclesiam
1476 1394 1578 1417 suam
1597 1385 1683 1417 resi-

379 1466 475 1504 dens,
499 1465 651 1499 orationi
669 1465 939 1509 contemplando
957 1464 1129 1506 vacabat;
1156 1469 1192 1499 et
1209 1466 1436 1500 recreationis
1454 1476 1570 1505 causa,
1588 1466 1682 1499 inter

380 1547 564 1586 orandum,
582 1546 701 1590 pontis
719 1557 807 1590 opus
826 1546 868 1579 de
885 1545 1041 1580 fenestra
1056 1556 1206 1580 camerae
1227 1556 1303 1580 suae
1320 1546 1521 1591 aspiciebat.
1562 1545 1684 1579 Finito

381 1628 495 1672 primo
519 1638 603 1661 arcu
620 1627 749 1672 pontis,
766 1627 894 1672 hyeme
915 1627 1233 1672 appropinquante,
1251 1627 1358 1673 coepit
1378 1627 1529 1662 debilius
1553 1638 1591 1661 se
1613 1627 1677 1661 ha-

382 1709 484 1749 bere3
507 1713 542 1743 et
559 1709 722 1753 quamvis
740 1708 956 1755 Margareta‚
974 1719 1074 1743 soror
1091 1709 1176 1742 dicti
1192 1708 1339 1743 Henrici
1353 1709 1477 1755 Regis,
1495 1709 1682 1743 Scotorum

381 1788 530 1835 Regina,
547 1799 610 1833 per
627 1788 761 1823 dictum
778 1788 802 1822 J
803 1788 952 1823 acobum
965 1794 1134 1834 quartum
1152 1800 1258 1824 suum
1276 1800 1460 1834 sponsum,
1478 1791 1594 1824 tutrix
1612 1789 1684 1823 filio

381 1882 424 1904 ex
446 1875 659 1904 testamento
680 1870 857 1916 descripta
877 1869 1006 1910 fuerat,
1029 1875 1065 1905 et
1087 1871 1119 1904 ei
1143 1871 1364 1915 aliquamdiu
1387 1871 1594 1911 obeditum3
1622 1872 1683 1905 sed

381 1952 466 1996 quia
482 1956 568 1986 tunc
585 1956 755 1996 nupserat
768 1949 1027 1986 Archibaldum
1040 1950 1287 1998 Angusiarum
1305 1952 1481 1992 comitem,
1499 1953 1682 1997 irrequisi-

382 2038 418 2067 to
444 2034 669 2067 dominorum
692 2037 728 2067 et
753 2043 938 2078 procerum
962 2033 1063 2079 regni
1091 2033 1247 2074 consilio,
1273 2033 1368 2078 apud
1393 2032 1682 2079 Dumfermeling

381 2114 545 2147 concione
563 2114 695 2154 habita,
712 2115 813 2160 regni
836 2115 995 2149 consules
1017 2125 1095 2148 eam
1118 2113 1230 2149 officio
1251 2115 1312 2149 illo
1335 2115 1514 2160 privatam
1531 2116 1684 2150 declara-

381 2200 490 2235 runt3
517 2200 553 2229 et
576 2195 748 2229 illustrem
765 2179 1150 2231 Johannem'Albaniae
1168 2197 1304 2236 ducem,
1323 2196 1361 2230 in
1380 2195 1490 2243 Regis
1515 2201 1683 2235 tutorem,
