1964 2894
94 1160 134 1189 A.
153 1159 192 1189 D.
212 1159 302 1191 1300.

93 1734 133 1764 A.
151 1733 194 1765 D.
211 1733 302 1764 1312.

342 402 383 433 12
502 400 628 433 VITAE
654 400 991 432 EPISCOPORUM
1015 399 1448 432 DUNKELDENSIUM.

380 585 653 621 ROBERTUS
669 586 711 619 de
724 585 936 625 Stutiwillis‚
948 585 1004 619 vir
1016 584 1155 625 nobilis,
1166 584 1336 625 moribus,
1353 585 1500 619 scientia
1516 588 1552 618 et
1564 585 1639 619 vita

330 669 519 713 preclarus,
531 673 616 702 tunc
626 667 806 712 praedictae
820 667 973 701 ecclesiae
986 667 1150 707 decanus,
1161 667 1223 711 qui
1234 670 1380 711 propter
1392 666 1469 712 ejus
1482 665 1638 710 probita-

330 755 413 789 tem,
430 749 651 783 nobilitatem
679 753 715 783 et
738 748 976 793 prudentiam,
993 748 1093 793 prius
1117 753 1194 782 erat
1215 749 1346 783 electus
1372 749 1410 782 in
1431 749 1636 793 episcopum

331 830 450 864 Sancti
468 830 636 870 Andreae,
654 840 748 864 anno
764 830 899 864 domini
917 829 1106 864 millesimo
1123 830 1364 864 ducentesimo
1382 830 1634 876 quinquagesi-

330 924 389 947 mo
416 913 548 952 terci03
584 912 645 946 sed
672 912 932 945 contradicente
958 910 1166 945 Alexandro
1191 912 1291 958 Rege
1317 912 1435 952 tertio,
1464 912 1635 958 magister

332 993 448 1033 Abell,
472 993 738 1026 archidiaconus
762 991 881 1026 Sancti
902 991 1071 1032 Andreae,
1098 1003 1161 1037 per
1184 993 1478 1037 supplicationem
1498 994 1633 1039 regiam

332 1075 426 1128 apud
444 1073 579 1119 Papam
598 1074 788 1118 praevaluit
803 1083 810 1106 :
837 1072 889 1107 Et
911 1084 993 1107 cum
1011 1074 1128 1108 sedem
1147 1073 1436 1108 Dunkeldensem
1454 1074 1557 1108 annis
1582 1075 1634 1108 vi-

330 1156 423 1202 ginti
444 1159 522 1190 octo
544 1155 684 1201 egregie
709 1155 868 1195 rexisset,
893 1159 1055 1202 mortuus
1080 1159 1144 1195 est,
1169 1166 1263 1189 anno
1286 1155 1421 1190 domini
1446 1155 1633 1190 millesimo

328 1237 583 1270 trecentesimo.
625 1236 693 1270 Cui
711 1247 774 1280 per
791 1237 995 1270 electionem
1014 1237 1180 1271 successit

378 1478 640 1518 MATHEUS‚
662 1479 724 1523 qui
747 1490 810 1523 per
836 1478 975 1525 Anglos
999 1480 1187 1514 institutus
1212 1485 1276 1520 est,
1300 1486 1459 1526 tempore
1482 1480 1630 1516 Roberti

329 1561 465 1595 Harcas
487 1559 701 1594 vicecomitis
725 1560 768 1592 de
787 1559 910 1600 Perth,
929 1571 1035 1604 quem
1059 1565 1202 1594 sanctus
1221 1560 1377 1595 Michael
1394 1561 1571 1596 interfecit
1593 1563 1630 1596 in

327 1645 359 1677 le
376 1642 548 1676 Dardrois
566 1640 660 1681 furd,
678 1645 824 1685 propter
846 1642 998 1687 injurias
1020 1642 1197 1676 canonicis
1215 1643 1289 1677 suis
1307 1643 1447 1684 illatas3
1466 1644 1529 1689 qui
1547 1655 1624 1679 cum

329 1723 460 1758 ibidem
478 1722 625 1756 sedisset
642 1722 744 1755 annis
763 1722 959 1762 duodecim,
978 1722 1066 1756 obiit
1084 1734 1178 1756 anno
1196 1723 1331 1757 domini
1351 1725 1540 1760 millesimo
1561 1731 1630 1760 tre-

328 1804 516 1840 centesimo
534 1799 749 1837 duodecimo.
802 1803 869 1837 Cui
887 1814 950 1848 per
967 1804 1171 1838 electionem
1189 1805 1355 1839 successit

376 2047 687 2082 WILLELMUS
707 2048 749 2081 de
776 2047 905 2082 Sancto
931 2047 1047 2088 Claro,
1073 2051 1269 2084 avunculus
1289 2050 1460 2085 Willelmi
1481 2051 1628 2087 Domini

326 2130 446 2164 Bissat
460 2135 495 2163 et
509 2129 691 2169 GIascone,
703 2140 796 2163 anno
807 2130 941 2163 domini
953 2131 1139 2165 millesimo
1153 2133 1398 2168 trecentesimo
1409 2134 1624 2169 duodecimo.

327 2211 397 2246 Hic
410 2212 466 2246 vir
483 2211 610 2246 nobilis
627 2215 704 2245 erat
721 2215 757 2245 et
772 2212 1034 2257 magnanimus,
1052 2213 1275 2258 ecclesiaeque
1291 2215 1403 2260 pugil,
1417 2220 1452 2249 et
1469 2215 1520 2249 rei
1537 2216 1626 2260 pub·
