2106 2894
725 380 820 414 PON
822 380 895 413 TIS
917 377 1286 412 DUNKELDENSIS.
1615 378 1662 415 95

355 497 481 531 coloris
507 499 543 530 et
564 506 628 540 per
649 493 829 529 Thomam
850 493 993 527 Towris
1016 503 1110 526 unus
1135 491 1239 537 niger
1263 500 1376 535 equus
1401 492 1438 522 et
1459 498 1523 532 per
1539 485 1665 520 Domi-

354 554 643 613 num-Comitem
665 577 709 611 de
733 576 864 623 Ergyll
887 587 981 610 unus
1004 585 1117 620 equus
1140 574 1212 619 pile
1229 571 1277 608 lie
1287 571 1381 618 ι[ὑφ’
1398 575 1434 605 et
1450 581 1514 615 per
1530 568 1666 603 Johan-

355 673 436 695 nem
465 661 539 695 Ros
570 660 752 706 juniorem
782 659 825 693 de
851 658 973 704 Cragy
997 668 1092 691 unus
1119 667 1232 701 equus
1257 656 1360 690 albus
1386 659 1423 689 et
1447 664 1512 699 per
1541 652 1667 686 Domi-

357 755 443 777 num
466 743 665 777 Johannem
690 741 845 775 Stewart
867 740 1019 773 militem
1042 750 1137 773 unus
1161 749 1275 783 equus
1297 738 1399 772 albus
1423 741 1459 771 et
1476 747 1539 781 per
1555 735 1668 769 Deca-

357 836 444 859 num
475 820 783 858 Dounkeldensem
814 826 887 855 tres
917 821 1000 865 equi
1026 821 1121 866 nigri
1147 824 1183 854 et
1208 831 1272 864 per
1298 819 1484 854 Vicarium
1511 818 1555 852 de
1581 817 1668 851 Ret-

358 912 440 952 tray
457 906 652 940 Dominum
672 904 909 938 Willielmum
927 903 1049 937 Lacok
1068 914 1160 937 unus
1178 903 1281 949 niger
1298 913 1422 947 equus.
1473 900 1525 935 Et
1542 901 1669 934 alloca-

359 995 420 1024 tur
442 987 661 1033 compotanti
682 998 746 1032 per
766 986 1016 1021 liberae-ionem
1038 985 1169 1019 factam
1190 983 1300 1019 servis
1321 984 1498 1018 dictorum
1521 983 1668 1017 Domini

362 1070 512 1104 Comitis
538 1073 574 1103 et
589 1068 767 1102 ,Iohannis
785 1067 860 1101 Ros
883 1065 1168 1112 presentantibus
1194 1067 1308 1100 dictos
1333 1076 1443 1110 equos
1467 1043 1519 1110 iiij
1540 1067 1566 1099 3.
1619 1064 1670 1098 Et

362 1154 534 1187 allocatur
548 1152 661 1185 eidem
675 1161 739 1195 per
756 1150 976 1194 empcionem
995 1154 1138 1183 centum
1156 1149 1308 1194 triginta
1323 1147 1383 1182 sex
1404 1145 1569 1182 deeis
1584 1147 1671 1181 ferri

363 1237 462 1270 v·a1i0
479 1236 597 1280 precio
620 1235 658 1268 in
681 1234 833 1278 pecunia
849 1233 938 1279 xxiij
958 1233 995 1267 li.
1012 1233 1074 1278 xvj
1095 1236 1120 1267 3.
1138 1211 1190 1278 iiij
1210 1230 1245 1266 d.
1296 1232 1348 1266 Et
1365 1233 1537 1266 allocatur
1556 1233 1672 1267 eidem

362 1330 426 1364 per
451 1317 670 1362 empcionem
695 1316 847 1362 triginta
869 1316 978 1350 unius
1001 1319 1186 1360 petrarum
1211 1315 1297 1350 ferri
1321 1327 1402 1350 cum
1425 1316 1603 1360 portitura
1629 1327 1673 1349 ex

363 1482 642 1527 quingentorum
660 1485 696 1514 et
719 1481 873 1514 duorum
898 1479 1077 1515 serrorum
1098 1480 1310 1525 equinorum
1332 1480 1433 1514 vario
1456 1481 1586 1524 precio,
1611 1491 1675 1525 per

364 1572 506 1611 tempus
523 1565 678 1610 compoti
695 1576 721 1599 x
737 1566 774 1599 li.
791 1543 844 1611 {fij
864 1568 890 1599 3.
908 1577 933 1599 x
952 1563 987 1599 d.
1048 1565 1100 1599 Et
1117 1576 1181 1610 per
1199 1565 1417 1609 empcionem
1440 1564 1592 1610 triginta
1615 1563 1675 1598 sex

365 1650 542 1684 serrorum
568 1660 650 1683 cum
675 1648 785 1682 clauis
810 1648 848 1682 ix
874 1650 900 1682 3.
965 1647 1017 1682 Et
1043 1649 1215 1682 allocatur
1240 1648 1354 1682 eidem
1380 1647 1417 1681 in
1444 1646 1675 1681 ferracionem

366 1736 524 1766 rotarum
548 1731 714 1765 redarum
741 1731 859 1775 primo
879 1731 977 1775 apud
1002 1730 1132 1765 Pertht
1152 1731 1191 1765 in
1211 1728 1360 1776 fingulis
1381 1729 1506 1763 ferreis
1529 1728 1677 1764 necefl'a-

366 1815 428 1848 riis
446 1814 484 1859 iij
504 1814 541 1847 li.
559 1813 634 1858 xvij
654 1816 680 1846 3.
699 1814 735 1858 vj
753 1811 788 1848 d.
835 1813 888 1847 Et
907 1814 1079 1847 allocatur
1097 1813 1211 1847 eidem
1228 1823 1292 1857 per
1309 1812 1528 1857 empcionem
1547 1813 1676 1859 viginti

365 1896 496 1941 septem
520 1907 721 1942 vangarum
743 1895 941 1930 ferreorum
963 1896 1064 1930 vario
1089 1896 1207 1940 precio
1228 1895 1293 1941 xiij
1322 1898 1348 1929 3.
1373 1895 1409 1941 vj
1428 1893 1462 1929 d.
1515 1894 1567 1929 Et
1593 1897 1678 1930 allo-

366 1984 469 2014 catur
502 1979 616 2012 eidem
650 1989 715 2023 per
748 1978 968 2023 empcionem
1002 1979 1153 2025 triginta
1187 1977 1319 2023 septem
1352 1978 1448 2012 ferra
1477 1989 1675 2024 vangarum

367 2062 484 2105 precio
514 2061 674 2095 omnium
704 2061 780 2107 xvij
809 2064 835 2095 3.
866 2061 915 2107 vij
944 2059 978 2095 d.
1030 2060 1082 2095 Et
1114 2060 1173 2095 sex
1206 2061 1302 2095 ferra
1331 2072 1530 2107 vangarum
1558 2061 1677 2104 precio

367 2144 404 2188 iij
425 2145 451 2178 3.
470 2143 505 2188 vj
524 2140 558 2177 d.
611 2143 661 2178 Et
678 2144 851 2178 allocatur
870 2144 984 2178 eidem
1006 2155 1070 2188 per
1093 2144 1312 2188 empcionem
1338 2143 1544 2188 octuaginta
1568 2143 1676 2176 unius

366 2226 543 2260 serrorum
560 2225 774 2260 tribulorum
792 2226 913 2270 precio
930 2227 1030 2272 xxvij
1051 2229 1077 2260 3.
1095 2226 1131 2272 vj
1151 2224 1185 2260 d.
1225 2224 1278 2260 Et
1295 2225 1479 2259 duodecim
1497 2225 1673 2260 serrorum
