2044 2906
579 402 706 433 VITAE
732 402 1069 434 EPISCOPORUM
1094 400 1527 433 DUNKELDENSIUM.
1644 402 1686 434 59

434 596 827 632 CANCELLARIUS
852 602 888 631 et
905 596 1036 631 Rector
1053 597 1096 630 de
1116 595 1285 641 Kynnell,
1304 595 1480 641 Magister
1502 593 1684 641 Georgeus

338 668 340 670 Ι
384 679 529 719 Brown,
547 691 628 714 cum
647 680 809 724 episcopo
826 690 870 713 ex
887 679 1066 713 sororibus
1090 678 1332 718 consobrinus,
1350 678 1407 711 vir
1423 677 1591 722 prudens,
1608 688 1687 722 per-

383 773 469 796 sona
491 763 627 801 decens,
649 762 687 795 in
713 759 959 806 spiritualibus
984 761 1141 794 multum
1165 760 1348 799 honestus,
1372 760 1411 793 in
1433 759 1687 804 temporalibus

383 844 559 878 industria
575 843 723 888 plenus3
750 847 896 888 propter
912 843 1019 888 quod,
1046 841 1200 887 episcopi
1220 841 1259 876 in
1277 841 1376 875 curia
1392 841 1537 887 negotia
1559 840 1610 875 sic
1635 852 1689 875 sa-

383 927 520 971 pienter
537 927 658 973 gessit,
671 926 779 971 quod,
792 936 875 972 rege
887 924 911 959 J
913 924 1021 959 acobo
1036 924 1175 965 Quarto
1188 928 1379 964 annuente,
1390 924 1429 957 in
1443 922 1689 957 Camerarium

385 1009 476 1043 sedis
498 1008 804 1053 archiepiscopalis
822 1007 943 1042 Sancti
960 1005 1130 1047 Andreae,
1147 1017 1211 1051 per
1228 1006 1404 1040 illustrem
1415 1004 1439 1039 J
1440 1005 1589 1040 acobum
1600 1004 1691 1039 Ros-

384 1092 446 1125 siae
460 1091 586 1125 ducem
599 1094 635 1125 et
652 1090 772 1124 Sancti
783 1088 944 1124 Andreae
961 1088 1265 1133 archiepiscopum
1283 1091 1319 1122 et
1336 1087 1447 1134 Regis
1464 1098 1688 1134 germanum,

384 1176 437 1205 est
454 1176 601 1206 vocatus
616 1181 626 1212 ;
652 1182 716 1216 per
733 1181 851 1216 quem,
871 1171 902 1205 si
920 1170 1039 1205 subita
1056 1175 1170 1205 morte
1188 1175 1313 1215 captus
1338 1181 1411 1204 non
1429 1174 1532 1210 esset,
1549 1180 1690 1215 promo-

387 1259 446 1288 tus
467 1254 512 1288 ad
534 1254 631 1300 majo
649 1265 690 1287 ra
707 1253 853 1288 indubie
872 1252 1023 1294 fuisset3
1055 1258 1091 1287 et
1108 1253 1247 1298 qamvis
1269 1253 1363 1287 inter
1385 1253 1566 1287 seculares
1590 1263 1692 1286 curas

386 1337 540 1370 multum
558 1340 740 1382 gravatus,
758 1336 889 1370 animae
907 1341 1027 1370 tamen
1044 1346 1120 1370 suae
1144 1340 1179 1370 et
1203 1335 1307 1369 officii
1325 1335 1473 1369 minime
1490 1335 1689 1374 imemmor,

385 1418 611 1453 scolasticum
632 1419 853 1464 capellanum
870 1423 1084 1464 perpetuum
1101 1419 1139 1452 in
1157 1418 1301 1452 ecclesia
1325 1417 1445 1452 Sancti
1464 1416 1616 1464 Georgei
1640 1429 1692 1451 ce-

386 1501 619 1541 lebraturum,
636 1505 673 1535 et
689 1502 820 1535 scolam
837 1501 1143 1547 grammaticalem
1161 1504 1343 1534 recturum
1360 1499 1527 1534 fundavit
1542 1510 1551 1540 3
1576 1500 1615 1534 in
1632 1500 1694 1534 ho—

386 1594 508 1616 norem
532 1582 638 1616 Divae
658 1579 821 1628 Virginis
838 1582 882 1616 de
904 1582 1144 1616 consolatione
1164 1581 1316 1626 desuper
1332 1581 1426 1616 facta
1448 1581 1636 1621 fundatio3
1664 1582 1694 1615 si

386 1668 558 1704 servetur,
580 1664 734 1698 ecclesiae
753 1664 874 1698 doctos
896 1664 1168 1710 grammaticam
1186 1663 1295 1697 dabit.
1336 1663 1495 1708 Cappam
1513 1663 1621 1697 etiam
1643 1675 1695 1698 se-

386 1747 496 1780 ricam
515 1756 637 1791 cappae
654 1746 883 1791 praecentoris
900 1746 1081 1780 meliorem
1100 1746 1208 1785 dedit,
1226 1746 1386 1792 ejusdem
1404 1750 1525 1780 tamen
1543 1747 1677 1780 coloris.

440 1991 845 2027 THESAURARIUS
868 1992 1048 2039 Magister
1064 1991 1248 2027 Walterus
1266 1991 1389 2033 Small,
1400 1993 1553 2027 vicarius
1572 1994 1615 2027 de
1629 1993 1698 2028 Te-

389 2076 476 2122 ling,
494 2075 551 2109 vir
567 2085 782 2121 magnarum
799 2075 996 2109 honestatis
1020 2078 1056 2109 et
1074 2075 1263 2115 virtutum,
1281 2074 1376 2109 inter
1401 2075 1588 2120 scriptores
1607 2081 1695 2110 tem-

390 2171 474 2205 pore
491 2170 568 2200 suo,
586 2159 624 2193 in
642 2159 740 2193 omni
757 2158 933 2193 scribendi
952 2159 1057 2193 litera
1073 2158 1234 2204 primus:
1256 2157 1418 2194 Effectus
1441 2159 1696 2199 thesaurarius,

396 2253 560 2277 mansum
575 2252 692 2281 suum,
706 2252 812 2287 quem
827 2241 966 2275 invenit
976 2240 1124 2286 antiquo
1137 2241 1336 2286 alpinatum
1349 2251 1447 2276 more
1461 2241 1699 2281 inhonestum,
