2106 2894
434 383 483 420 98
716 377 984 411 COMPOTUM
1006 375 1235 410 MAGISTRI
1255 376 1456 409 FABRICE

434 490 574 526 Thome
602 489 731 525 Hareis
761 487 933 524 existente
959 489 998 523 in
1027 489 1192 523 manibus
1218 488 1367 523 Domini
1396 489 1435 523 in
1465 499 1538 533 qua
1562 486 1746 521 Iocabatur

433 572 557 608 fenum
574 572 669 618 prati
687 572 730 606 de
747 570 891 617 Dulgus
909 572 948 605 in
966 582 1061 605 anno
1078 570 1214 605 domini
1233 575 1293 605 ‘’cc‘⁸
1312 572 1348 604 ve
1360 572 1423 605 x¹³¹⁰
1436 571 1472 616 vj
1492 573 1518 604 ἒ.
1538 569 1600 615 viij
1620 566 1655 603 d.
1696 567 1746 603 Et

433 666 497 700 per
513 655 731 699 empcionem
753 654 865 688 trium
890 653 1073 688 frenorum
1096 653 1215 698 precio
1232 653 1257 699 ij
1278 655 1304 687 ἕ.
1355 651 1408 687 Et
1432 653 1606 686 allocatur
1631 651 1745 686 eidem

432 737 470 771 in
487 737 708 782 empcionem
722 734 770 770 lie
772 733 944 782 fhenyeis
961 736 1116 770 duorum
1134 735 1177 769 de
1194 733 1243 769 lie
1254 732 1395 781 girthis
1406 735 1450 769 ad
1470 746 1579 780 equos
1593 734 1745 768 verudos

431 819 521 865 xviij
541 817 575 853 d.
626 818 678 853 Et
696 820 868 853 allocatur
885 819 998 853 eidem
1016 830 1081 863 per
1097 796 1317 863 empcionem
1340 819 1383 853 de
1406 816 1453 852 lie
1469 816 1617 852 helteri-s·
1634 818 1745 852 nichil

432 902 519 947 quia
531 901 735 936 scribuntur
745 902 784 936 in
798 901 838 935 C.
850 899 915 936 sub
928 900 1102 935 vocabulo
1114 899 1279 948 capistra.
1306 900 1358 935 Et
1372 872 1546 935 allocatur
1557 901 1670 935 eidem
1683 911 1746 945 per

432 984 680 1019 liberacionem
699 983 831 1018 factam
849 983 971 1017 Dauid
988 982 1119 1028 Smyth
1137 981 1185 1017 lie
1201 981 1288 1017 hors
1310 980 1524 1026 Meaesthael
1538 983 1584 1016 ad
1602 980 1747 1016 visitan-

430 1067 517 1101 dum
538 1070 574 1100 et
589 1066 787 1100 curandum
805 1062 853 1099 lie
870 1062 1093 1098 brownblair
1110 1065 1149 1098 in
1166 1064 1383 1099 Dunkelden
1400 1065 1438 1099 in
1456 1061 1616 1109 expensis
1643 1064 1747 1097 itine-

429 1148 480 1182 ris
501 1152 537 1182 et
567 1147 604 1181 in
628 1147 826 1181 mercedem
847 1146 979 1180 laboris
999 1124 1051 1192 ἰίοἰῖ]
1072 1149 1097 1180 ἔ.
1117 1146 1152 1192 vj
1172 1144 1207 1181 d.
1271 1146 1324 1181 Et
1347 1147 1520 1181 allocatur
1543 1146 1657 1179 eidem
1683 1156 1747 1190 per

430 1230 649 1275 empcionem
676 1230 869 1264 octodecim
888 1227 936 1263 lie
962 1227 1086 1263 hames
1108 1230 1210 1263 vario
1234 1229 1352 1274 precio
1375 1228 1563 1262 extenden.
1581 1229 1619 1262 in
1643 1229 1746 1262 totali

430 1311 566 1346 summa
586 1313 630 1346 ad
649 1312 673 1358 ij
694 1314 719 1346 ἔ.
738 1323 763 1345 x
779 1310 814 1346 d.
862 1311 914 1346 Et
938 1312 1112 1346 allocatur
1134 1312 1247 1346 eidem
1266 1322 1331 1356 per
1347 1311 1597 1345 liberacionem
1614 1311 1746 1345 factam

430 1393 508 1428 Fod
538 1395 728 1428 verudario
758 1394 797 1428 in
822 1393 881 1429 sex
904 1406 1079 1440 equorum
1102 1394 1277 1428 lodicibus
1301 1391 1387 1428 with
1404 1392 1490 1428 hors
1511 1392 1602 1428 lmus
1629 1394 1692 1440 viij
1719 1397 1745 1428 ἔ.

431 1476 482 1511 Et
499 1478 673 1511 allocatur
686 1478 800 1512 eidem
819 1489 884 1522 per
898 1477 1148 1512 liberaciouem
1162 1477 1293 1511 factam
1312 1477 1483 1522 operariis
1500 1477 1746 1511 laborantibus

430 1559 523 1593 circa
552 1560 706 1605 jactum*
723 1571 814 1604 aque
846 1571 891 1594 ex
921 1564 1023 1604 parte
1059 1558 1206 1594 australi
1234 1571 1326 1605 aque
1355 1560 1398 1594 de
1431 1559 1535 1606 Taya
1561 1571 1583 1594 a
1610 1561 1746 1594 decimo

431 1646 557 1676 octavo
574 1642 631 1675 die
648 1639 777 1676 menfis
797 1641 935 1683 Martii,
952 1643 1037 1676 anni
1063 1647 1122 1677 '’cc0
1141 1644 1176 1676 vc
1193 1639 1264 1688 xj¹¹¹i
1283 1643 1321 1677 in
1343 1643 1438 1677 diem
1456 1643 1624 1677 ultimum
1642 1642 1745 1689 Julij,

431 1724 517 1758 anni
541 1728 600 1757 *tc‘
625 1726 659 1756 vc
685 1721 769 1770 xij'm
796 1723 947 1759 testante
972 1725 1065 1759 libro
1090 1724 1238 1759 Domini
1263 1724 1388 1759 Jacobi
1414 1725 1572 1759 Laudeir
1597 1725 1745 1770 prefecti

431 1806 548 1851 operis
572 1806 722 1851 predicti
744 1807 830 1852 xxxj
851 1807 888 1840 li.
905 1807 969 1852 xiij
991 1809 1017 1840 ἒ.
1035 1818 1059 1840 x
1077 1804 1111 1840 d.
1163 1805 1216 1840 Et
1239 1807 1414 1840 allocatur
1439 1807 1554 1840 eidem
1578 1818 1642 1851 per
1660 1806 1746 1841 libe-

430 1889 609 1923 racionem
635 1888 766 1923 factam
792 1888 912 1922 Dauid
940 1888 1035 1922 Gent
1059 1893 1095 1923 et
1120 1887 1287 1923 consociis
1317 1889 1459 1923 latomis
1490 1900 1571 1923 cum
1599 1887 1746 1923 servito-

431 1972 531 2007 ribus
549 1971 620 2007 suis
637 1970 924 2006 construentibus
941 1983 1085 2005 murum
1100 1969 1403 2005 conservatorium
1422 1971 1526 2005 calcis
1543 1971 1582 2005 in
1601 1971 1744 2006 Palacio

431 2054 578 2089 Domini
595 2056 633 2089 ix
651 2057 677 2089 ἓ.
696 2055 759 2101 viij
779 2052 814 2088 d.
866 2053 918 2089 Et
935 2055 1109 2089 allocatur
1126 2054 1240 2088 eidem
1257 2065 1322 2099 per
1344 2054 1592 2088 liberacionem
1612 2054 1743 2089 factam

431 2137 590 2172 Roberto
608 2136 754 2172 Masone
771 2137 896 2172 latimo
914 2141 1039 2171 vocato
1056 2137 1126 2171 alio
1143 2137 1287 2171 nomine
1305 2136 1576 2183 Cwnynghame
1594 2138 1632 2172 in
1652 2149 1744 2173 mer-

430 2219 550 2254 cedem
570 2219 701 2254 laboris
725 2219 885 2264 lapidum
909 2219 1166 2264 quadratorum
1190 2219 1449 2254 continentium
1473 2225 1616 2254 centum
1640 2221 1745 2265 quin-
