1964 2894
355 386 396 415 24
527 385 652 417 VITAE
678 383 1013 417 EPISCOPORUM
1038 380 1471 414 DUNKELDENSIUM.
1513 396 1517 401 ¹

358 489 469 523 decim
483 488 691 523 candelabra
703 498 819 522 cereos
832 486 1020 533 gestantia,
1033 486 1071 520 in
1084 485 1227 519 laudem
1239 483 1445 524 Salvatoris,
1459 485 1652 519 secundum

356 571 604 604 revelationem
625 571 663 604 in
684 569 873 614 apocalipsi
892 567 1064 607 habitam,
1084 567 1173 601 duas
1196 567 1369 611 pendulas
1389 566 1434 600 de
1451 566 1575 607 serico,
1595 577 1651 601 co-

356 653 537 696 lumpnam
555 661 620 695 pro
636 661 736 685 cereo
753 649 910 695 paschali
927 648 1111 695 gestando,
1130 648 1335 683 cathedram
1353 648 1598 693 episcopalem,
1616 652 1652 682 et

354 733 457 766 stalla
473 732 581 766 chori.
632 730 684 765 Et
704 730 937 765 nihilominus
957 730 1122 764 divinum
1143 730 1282 764 cultum
1302 729 1549 774 multipliciter
1566 740 1654 776 aug-

354 813 527 847 mentavit
543 823 551 847 :
570 812 693 847 Primo
710 812 930 857 capellanum
944 815 980 845 et
992 811 1185 845 choristam
1203 811 1246 845 de
1261 809 1381 845 Inwer
1395 810 1563 845 fundavit
1577 821 1587 852 ;
1605 811 1652 845 si-

354 895 485 928 militer
505 895 649 928 missam
667 893 911 939 quotidianam
929 893 972 926 de
993 893 1116 937 requie
1134 903 1215 926 cum
1236 889 1323 927 nota
1345 892 1385 927 in
1405 893 1494 927 solio
1510 892 1650 928 Sanctae

353 976 501 1017 Crucis3
526 976 707 1021 erexitque
729 975 910 1010 ecclesiam
930 975 973 1009 de
998 974 1220 1020 kakersy‚
1241 979 1277 1009 et
1299 975 1449 1010 vicarias
1470 976 1514 1010 de
1533 975 1650 1022 Alyth

352 1063 386 1092 et
397 1057 584 1092 Aberlathi
598 1059 635 1092 in
649 1057 843 1102 prebendas
856 1068 866 1098 3
881 1057 1097 1102 conquisivit
1110 1057 1307 1102 hospitium
1321 1058 1359 1091 in
1369 1057 1492 1099 Perth,
1504 1062 1539 1093 et
1552 1058 1650 1093 aliud

352 1140 388 1173 in
407 1139 632 1185 Edinburgh,
658 1139 810 1173 ecclesiae
830 1143 865 1173 et
884 1139 1142 1173 successoribus
1161 1139 1235 1173 suis
1251 1149 1260 1179 ;
1286 1149 1348 1173 sex
1369 1139 1478 1173 etiam
1495 1140 1648 1185 juvenes

351 1222 477 1265 puerili
493 1232 576 1255 voce
594 1222 631 1255 in
649 1221 755 1255 choro
769 1225 972 1255 cantaturos
991 1221 1160 1260 instituit,
1175 1225 1210 1254 et
1224 1221 1267 1254 de
1285 1220 1471 1264 stipendiis
1488 1222 1651 1265 provide-

351 1303 410 1337 bat
427 1314 435 1343 ;
457 1304 600 1337 missam
619 1303 864 1347 quotidianam
887 1303 930 1336 de
951 1303 1072 1347 requie
1097 1302 1135 1335 in
1156 1303 1232 1336 loco
1250 1301 1405 1336 fratrum
1423 1302 1467 1336 de
1485 1302 1648 1338 Tulilum

352 1385 560 1418 cantandam
582 1383 746 1418 fundavit
762 1395 771 1423 ;
794 1384 902 1418 etiam
920 1383 1086 1418 fundavit
1107 1384 1339 1428 capellaniam
1357 1382 1479 1418 Sancti
1497 1384 1648 1420 Martini

355 1468 564 1513 Edinburgi,
586 1468 646 1501 ubi
669 1469 764 1502 sedet
786 1468 941 1501 officialis
963 1479 1028 1512 pro
1052 1467 1248 1508 tribunali3
1276 1472 1311 1502 et
1332 1468 1371 1502 in
1391 1468 1476 1502 locis
1497 1468 1650 1504 fratrum

351 1550 619 1592 praedicatorum
639 1550 682 1582 de
701 1548 913 1594 Edinburgh
934 1554 968 1583 et
988 1548 1096 1583 Perth
1117 1550 1362 1584 anniversaria
1378 1548 1554 1585 fundavit.
1598 1550 1650 1585 Et

350 1642 429 1664 eum
445 1632 520 1675 jam
539 1636 712 1670 senuerat,
735 1632 779 1665 ad
797 1643 901 1665 suum
921 1632 958 1665 in
977 1631 1141 1665 Romana
1158 1632 1257 1666 curia
1280 1632 1523 1677 episcopatum
1540 1634 1651 1680 resig-

352 1713 518 1751 nandum,
543 1714 577 1746 in
597 1713 752 1746 favorem
776 1713 975 1758 spectabilis
994 1714 1062 1747 viri
1080 1713 1244 1759 magistri
1262 1712 1386 1748 Jacobi
1404 1713 1646 1760 Levingtoun‚

351 1794 411 1827 filii
431 1795 564 1828 ‹lomini
583 1796 624 1828 (lc
643 1795 800 1835 San-otis,
825 1801 909 1829 tunc
927 1796 1081 1829 ecclesiae
1100 1795 1233 1835 decani,
1254 1799 1501 1840 procuratores
1519 1799 1647 1832 consti-

351 1877 420 1910 tuit
436 1887 443 1913 ;
464 1878 523 1910 sed
542 1878 625 1921 quia
643 1878 799 1911 Thomas
818 1878 929 1922 Spens
947 1877 1211 1911 Aberdonensis
1230 1878 1425 1923 episcopus,
1443 1879 1579 1913 curiam
1597 1891 1650 1914 re-

350 1959 443 2002 giam
463 1964 669 2003 exterasque
688 1960 846 1993 nationes
865 1970 930 1993 sua
947 1960 1170 2004 providentia
1188 1959 1404 2004 pacificando
1417 1961 1573 2007 regebat,
1588 1973 1649 1997 vo-

352 2040 414 2072 luit
443 2042 485 2073 ad
509 2040 794 2075 Dunkeldcnsem
821 2043 1001 2076 ecclesiam
1028 2042 1238 2083 transferri;
1267 2043 1415 2088 ideoque
1442 2043 1646 2090 hujusmodi

351 2123 525 2164 promotio
549 2124 583 2155 in
605 2123 764 2157 Romana
788 2125 884 2158 curia
906 2125 1076 2169 impedita
1103 2124 1182 2159 fuit.
1236 2124 1397 2160 Tandem
1425 2126 1523 2159 curia
1550 2127 1647 2172 regia

352 2203 497 2246 placata,
519 2210 549 2237 vt
578 2205 692 2239 missis
717 2206 759 2238 ad
784 2205 981 2240 Romanam
1004 2208 1138 2242 curiam
1158 2209 1359 2242 venerando
1378 2208 1454 2242 viro
1475 2208 1648 2254 magistro
