1964 2894
75 1853 115 1884 A.
133 1853 173 1883 D.
192 1854 282 1886 1483.

330 371 373 403 26
491 371 616 403 VITAE
642 371 978 403 EPISCOPORUM
1001 370 1379 403 DUNKELDENSIU
1387 371 1435 402 M.

322 486 415 510 anno
431 475 565 509 domini
582 475 769 509 millesimo
786 474 1136 521 quadringentesimo
1153 473 1415 519 septuagesimo
1432 477 1544 512 sexto,
1557 483 1620 517 per

322 556 346 589 J
347 556 521 591 ohannem
537 555 711 600 Hepburn
725 555 1071 595 Dowmblanensem,
1089 554 1114 588 J
1115 555 1292 589 ohannem
1306 553 1458 588 Balfour
1475 552 1623 587 Brechi-

322 648 477 676 nensem,
503 635 763 681 praefatumque
791 635 982 676 Thomam,
1007 636 1220 670 universalis
1246 635 1401 670 ecclesiae
1429 635 1621 679 episcopos.

322 718 392 752 Hic
408 717 580 762 pontifex,
596 718 627 751 si
644 728 716 751 non
733 717 885 762 negotiis
904 717 1013 751 curiae
1031 717 1235 762 impeditus,
1252 721 1288 750 et
1309 727 1371 762 spe
1388 716 1622 761 promotionis

319 810 394 833 suae
407 799 453 832 ad
463 798 801 842 archiepiscopatum
815 797 935 832 Sancti
948 796 1118 838 Andreae,
1130 798 1176 832 ad
1186 798 1301 844 magis
1315 798 1428 832 ardua
1438 798 1620 836 tendisset,

319 881 474 926 insignia
489 879 628 914 fecisset
644 888 772 923 opera:
799 879 920 918 Quum
938 879 977 912 in
994 878 1196 913 minoribus
1214 880 1441 919 constitutus,
1459 879 1619 913 ecclesias

319 972 406 1005 quas
429 960 584 994 obtinuit
605 961 759 994 multum
781 960 944 993 decenter
965 960 1132 1001 ornavit;
1164 971 1228 994 nec
1253 961 1438 1005 episcopus
1460 959 1575 995 factus
1599 972 1620 993 a

318 1043 418 1077 bonis
437 1042 600 1087 operibus
618 1042 767 1076 cessavit
782 1051 792 1081 ;
812 1042 922 1075 altare
940 1041 1080 1076 Sanctae
1099 1041 1284 1076 Katerinae
1302 1042 1454 1088 virginis
1472 1046 1508 1076 et
1524 1052 1619 1075 mar-

318 1125 396 1158 tiris
414 1125 452 1158 in
469 1125 613 1158 ecclesia
630 1123 829 1157 construxit
847 1128 882 1157 et
899 1123 1059 1163 dotavit3
1079 1124 1311 1168 capellaniam
1328 1124 1436 1158 etiam
1454 1124 1492 1157 in
1510 1123 1620 1157 hono-

318 1217 392 1239 rem
410 1206 485 1239 divi
509 1204 693 1239 Columbae
718 1205 870 1248 patroni,
893 1204 939 1238 ad
961 1205 1072 1239 altare
1095 1204 1215 1239 Sancti
1237 1204 1389 1239 Martini
1412 1205 1451 1239 in
1475 1205 1618 1239 ecclesia

318 1287 502 1332 collegiata
518 1286 611 1320 beati
626 1285 749 1331 Egidii
764 1286 807 1319 de
821 1284 1048 1331 Effluburgh,
1062 1286 1289 1330 perpetuavit
1301 1296 1311 1326 ;
1329 1290 1475 1330 pontem
1493 1297 1514 1319 a
1526 1297 1619 1330 prae-

318 1369 495 1402 decessore
513 1379 578 1401 suo
592 1367 735 1401 Thoma
751 1368 847 1411 apud
863 1367 1037 1411 palatium
1054 1367 1250 1412 episcopale
1268 1366 1519 1401 Dunkeldense
1537 1379 1618 1401 con-

318 1454 491 1483 structum
515 1449 622 1483 altius
647 1449 770 1488 erexit,
789 1449 875 1482 adeo
893 1452 935 1482 ut
953 1449 1062 1494 vulgo
1079 1449 1267 1488 diceretur,
1288 1453 1433 1493 pontem
1457 1449 1618 1494 pontifex

316 1530 549 1575 perpetuavit.
593 1530 707 1563 Seculi
729 1529 823 1563 curis
844 1530 989 1563 demum
1007 1534 1206 1574 superatus,
1224 1534 1414 1575 postquam
1431 1531 1615 1575 episcopus

317 1612 462 1645 sedisset
479 1611 581 1645 annis
607 1615 744 1655 septem
762 1610 899 1644 duobus
917 1610 1098 1644 mensibus
1119 1614 1156 1644 et
1173 1610 1288 1645 tribus
1306 1611 1441 1651 diebus,
1461 1609 1616 1654 (mortuo

318 1693 584 1736 praedecessore,
602 1703 695 1725 anno
716 1703 787 1725 uno
806 1691 987 1725 mensibus
1007 1696 1085 1725 octo
1103 1691 1299 1726 ebdomada
1315 1703 1389 1726 una
1405 1697 1441 1726 et
1458 1694 1615 1738 quinque

318 1773 454 1820 diebus)
469 1773 684 1819 Edinburgi,
699 1774 755 1806 die
770 1773 890 1806 Sancti
905 1772 1104 1818 Augustini
1118 1774 1271 1807 doctoris
1284 1773 1435 1814 Aurelii,
1447 1786 1541 1809 anno
1555 1776 1615 1809 do-

318 1856 405 1890 mini
424 1856 611 1889 millesimo
627 1855 976 1900 quadringentesimo
994 1855 1233 1900 octuagesimo
1246 1856 1364 1896 tertio,
1377 1856 1471 1890 diem
1489 1858 1615 1891 clausit

316 1942 525 1976 extremum,
542 1940 578 1970 et
594 1937 633 1970 in
650 1935 805 1970 Emonia
822 1936 939 1969 insula
956 1936 1116 1980 sepultus
1134 1940 1197 1970 est.
1235 1936 1322 1972 Post
1339 1938 1441 1984 cujus
1458 1939 1615 1983 sepultu-

316 2031 403 2059 ram,
421 2020 550 2053 electus
567 2023 621 2052 est
637 2019 674 2053 in
693 2018 907 2063 episcopum,
924 2029 988 2063 per
1006 2020 1212 2064 capitulum,
