2044 2906
566 371 694 402 VITAE
720 371 1058 404 EPISCOPORUM
1081 370 1516 403 DUNKELDENSIUM.
1650 371 1693 402 55

384 485 549 530 reputavi
580 485 623 519 de
654 486 833 530 praeclaris
863 485 1092 531 honestisque
1117 485 1264 530 capituli
1291 484 1474 525 fratribus,
1500 489 1535 518 et
1565 495 1687 518 eorum

349 569 357 577 ⁰
385 577 449 599 suo
475 570 635 611 tempore
661 566 808 601 actibus.
864 566 1010 601 Primus
1036 571 1112 601 erat
1138 566 1292 601 ecclesiae
1319 566 1471 599 decanus
1497 566 1688 610 praedictus

385 647 500 681 adhue
529 652 732 692 superstes3
764 647 828 693 qui
851 648 1064 693 praeclarmn
1091 647 1291 682 construxit
1314 647 1478 681 omnibus
1503 647 1606 693 regni
1631 647 1690 680 de-

386 730 483 763 canis
507 728 723 763 secularibus
747 730 944 773 speculum,
961 734 997 763 et
1014 729 1308 769 munitissimum,
1326 734 1449 763 contra
1472 729 1567 774 quod
1585 730 1690 763 eccle-

386 812 450 845 siae
470 811 608 845 inimici
625 811 819 855 praevalere
837 822 910 844 non
928 814 1103 855 poterant.
1131 810 1281 844 Missam
1299 810 1407 844 etiam
1425 811 1519 844 idem
1537 811 1689 844 decanus

385 894 474 927 hora
500 904 640 938 semper
665 893 863 933 undecima,
890 904 953 937 per
979 897 1091 927 certos
1119 893 1219 926 chori
1245 892 1396 926 vicarios
1422 892 1496 926 suis
1522 892 1691 936 impensis

386 975 461 1009 fieri
480 974 574 1015 fecit,
599 975 644 1008 ad
662 975 755 1008 divae
777 975 928 1020 virginis
946 986 1046 1008 aram
1064 974 1102 1008 in
1119 974 1266 1008 ecclesia
1282 973 1529 1008 Dunkeldensi
1545 984 1554 1014 ;
1586 978 1622 1008 et
1639 975 1693 1008 ul-

386 1062 443 1091 tra
453 1057 700 1102 quotidianam
714 1056 949 1096 elimosinam,
963 1057 1060 1090 omni
1072 1057 1281 1101 septimana,
1295 1057 1400 1090 certis
1413 1056 1628 1101 pauperibus
1640 1057 1694 1090 in-

387 1138 444 1172 fra
473 1139 655 1172 civitatem
681 1138 972 1172 Dunkeldensem
998 1139 1195 1183 decrepitis,
1227 1138 1358 1172 hollam
1391 1137 1538 1172 farrinae
1569 1139 1692 1184 largiri

387 1220 495 1261 facit3
520 1225 555 1254 et
572 1220 724 1254 karistia
748 1220 901 1265 patriam
919 1221 1122 1261 invadente,
1139 1221 1237 1255 omni
1254 1221 1321 1261 die,
1339 1221 1455 1266 pultes
1480 1221 1694 1265 pauperibus

391 1301 556 1336 omnibus
584 1301 823 1342 venientibus,
847 1302 974 1347 cuique
1000 1301 1093 1336 bona
1117 1302 1329 1347 quantitate,
1352 1307 1426 1336 tam
1452 1314 1493 1336 eo
1518 1308 1694 1347 praesente

395 1395 506 1429 quam
524 1384 680 1424 absente,
698 1383 864 1418 distribui
882 1383 977 1418 facit.
1012 1382 1209 1418 Ecclesiam
1227 1383 1531 1424 Dunkeldensem,
1548 1395 1613 1429 pro
1631 1396 1695 1419 suo

393 1466 505 1500 officio
522 1466 728 1506 exercendo,
746 1466 827 1500 licet
844 1466 890 1500 ab
907 1466 1029 1500 amicis
1047 1470 1082 1499 et
1103 1466 1373 1512 consanguineis
1391 1467 1587 1511 saepissime
1604 1468 1694 1501 desi-

394 1549 549 1587 deratus,
567 1559 638 1581 non
656 1548 811 1587 deserit3
839 1558 961 1591 ymmo
979 1548 1076 1581 omni
1094 1547 1150 1581 die
1173 1547 1249 1593 ejus
1273 1547 1485 1588 residentiae,
1504 1549 1542 1582 in
1565 1550 1693 1595 majori

393 1630 505 1664 missa
520 1630 645 1663 devote
660 1640 741 1663 cum
755 1628 926 1663 fratribus
944 1629 1112 1670 interest3
1131 1630 1209 1663 aliis
1222 1629 1356 1670 diebus,
1371 1630 1485 1665 tribus
1499 1632 1693 1676 maioribus

394 1712 492 1746 horis
518 1711 667 1745 chorum
693 1712 810 1757 regit3
846 1717 881 1745 et
906 1711 1002 1756 quod
1027 1712 1145 1757 majus
1173 1716 1237 1752 est,
1263 1711 1386 1746 diebus
1412 1714 1694 1759 quadragesimae

384 1793 614 1837 completorio
646 1793 767 1827 abesse
790 1794 916 1833 noluit,
934 1794 1083 1827 devotus
1101 1794 1298 1828 devotionis
1316 1796 1518 1839 exemplum
1532 1795 1695 1831 omnibus

394 1874 567 1920 praebens.
596 1873 647 1909 Et
661 1880 851 1920 postquam
869 1876 956 1910 ordo
968 1876 1243 1920 praedicatorum
1260 1876 1298 1910 in
1310 1875 1427 1911 Scotia
1444 1889 1507 1922 per
1524 1889 1694 1924 magnum

392 1958 494 1990 illum
518 1962 554 1991 et
572 1957 816 1991 illuminatum
835 1958 953 1991 virum
970 1956 994 1990 J
996 1957 1172 1991 ohannem
1189 1956 1280 1998 Ade,
1304 1969 1486 2006 sacrarum
1510 1961 1694 1994 literarum

395 2038 644 2083 professorem,
656 2040 789 2073 ordinis
799 2039 1063 2084 provincialem,
1074 2039 1318 2075 reformationi
1331 2042 1471 2076 deditus
1482 2046 1583 2082 esset,
1597 2053 1696 2089 mag-

394 2132 441 2154 no
467 2121 602 2155 auxilio
627 2121 753 2162 affuit3
780 2122 897 2155 locum
923 2121 1115 2155 eorundem
1137 2122 1176 2156 in
1198 2121 1327 2157 Sancto
1350 2122 1497 2158 Andrea
1518 2124 1694 2164 fundavit,

395 2205 490 2238 unde
504 2203 703 2238 fundatoris
715 2215 838 2239 eorum
852 2215 980 2239 nomen
995 2215 1166 2239 consensu
1179 2206 1306 2241 merito
1319 2207 1411 2253 gerit
1424 2217 1433 2248 ;
1452 2208 1623 2253 illumque
1636 2209 1697 2243 do-
