1964 2894
534 412 660 443 VITAE
686 412 1022 443 EPISCOPORUM
1046 411 1476 443 DUNKELDENSIUM.
1612 411 1647 441 11

359 514 519 548 bermure
536 515 698 555 moritur,
715 520 751 549 et
767 516 806 550 in
819 515 1043 555 Dunkelden,
1061 516 1099 549 in
1116 515 1264 559 antiqua
1281 515 1424 549 ecclesia
1441 525 1523 559 quae
1540 496 1656 547 fuerat

356 597 612 630 monasterialis
625 597 835 637 tumulatur,
853 608 946 630 anno
959 597 1092 630 domini
1107 596 1293 630 millesimo
1304 594 1545 629 ducentesimo
1562 605 1648 639 qua·
1674 599 1715 628 A.
1734 598 1774 627 D.
1794 597 1887 629 1249.

362 678 562 723 dragesimo
583 688 699 718 nono;
725 678 826 723 cujus
849 682 902 711 est
918 677 986 711 hoc
1002 677 1234 721 epitaphium,
1253 679 1273 694 “
1292 675 1374 715 Hic,
1392 675 1654 709 Dunkeldensis

357 759 440 792 cleri
457 759 573 798 decus,
595 739 681 804 egis,
699 762 735 791 et
757 758 861 798 ensis,
888 756 1070 791 Galfridus
1088 756 1213 791 tumba
1229 760 1356 801 pausat
1373 756 1439 790 sub
1462 760 1563 800 patre
1588 755 1655 789 Co-

360 839 510 873 lumba.''
553 838 621 872 Cui
639 849 702 883 per
719 849 839 885 regem
856 838 1061 877 nominatus
1079 837 1249 872 successit

407 1081 672 1122 RICARDUS,
688 1082 796 1128 Regis
809 1082 1057 1121 Cancellarius,
1076 1087 1111 1116 et
1128 1082 1214 1115 dum
1227 1081 1373 1114 sedisset
1387 1079 1548 1124 pontifex
1562 1091 1654 1113 anno

357 1174 438 1202 uno,
453 1167 614 1197 mortuus
632 1168 686 1197 est
702 1164 797 1207 apud
815 1162 1043 1202 Crawmund‚
1061 1167 1096 1197 et
1113 1163 1272 1207 sepultus
1290 1166 1342 1195 est
1360 1162 1397 1195 in
1411 1161 1527 1194 insula
1544 1162 1655 1194 sancti

359 1243 542 1278 Columbae
566 1245 608 1277 de
627 1243 791 1283 Emonia,
816 1255 909 1278 anno
932 1245 1066 1278 domini
1085 1244 1271 1277 millesimo
1288 1243 1528 1277 ducentesimo
1548 1243 1651 1287 quin-
1678 1250 1718 1278 A.
1736 1250 1777 1279 D.
1795 1250 1887 1281 1250.

356 1325 570 1370 quagesimo.
614 1325 682 1359 Cui
699 1336 762 1369 per
779 1324 918 1359 favores
936 1326 1030 1371 regis
1048 1326 1213 1359 successit

396 1566 662 1601 MAGISTER
676 1567 931 1603 RICARDUS
942 1570 984 1602 de
997 1569 1265 1614 Inuerkeffling,
1278 1569 1502 1603 Camerarius
1515 1568 1652 1609 Scotiae,

300 1668 305 1675 ·
354 1648 579 1693 grandaevus,
605 1649 726 1694 justus
750 1653 785 1683 et
808 1649 998 1683 fidissimus
1021 1650 1129 1695 Regis
1154 1650 1396 1683 consiliarius:
1431 1649 1523 1683 Cum
1550 1652 1650 1684 annis

354 1728 482 1773 viginti
496 1727 632 1762 duobus
646 1729 848 1763 cathedram
862 1730 1020 1770 rexisset,
1034 1730 1090 1764 die
1103 1731 1215 1764 sancti
1228 1730 1353 1776 Magni
1365 1731 1522 1764 martiris
1541 1731 1627 1765 obiit
1640 1743 1649 1770 ς

351 1809 451 1855 cujus
469 1820 595 1854 corpus
613 1810 836 1851 Dunkelden,
863 1815 898 1845 et
921 1822 980 1845 cor
997 1812 1035 1845 in
1053 1812 1250 1856 aquilonari
1268 1812 1401 1856 pariete
1419 1813 1456 1845 in
1474 1812 1580 1846 choro
1598 1825 1651 1847 ec-

351 1891 464 1925 clesiae
482 1891 593 1925 sancti
606 1890 788 1926 Columbae
806 1893 848 1925 de
862 1891 1027 1932 Emonia,
1040 1904 1148 1937 quam
1162 1893 1341 1926 ecclesiam
1360 1894 1434 1937 ipse
1452 1894 1551 1937 prius
1570 1905 1649 1927 con-

352 1976 541 2012 struxerat,
565 1974 764 2013 collocatur,
783 1985 876 2008 anno
893 1974 1027 2007 domini
1044 1974 1231 2007 millesimo
1250 1974 1488 2008 ducentesimo
1507 1978 1645 2017 septua-
1675 1982 1712 2012 Α,
1731 1983 1769 2013 Ι),
1789 1983 1879 2016 1272,

351 2053 484 2098 gesimo
503 2054 664 2088 secundo.
716 2054 784 2089 Cui
802 2066 864 2099 per
881 2056 1084 2089 electionem
1102 2056 1267 2089 successit
