2044 2906
367 378 409 408 58
540 375 666 408 VITAE
691 375 1030 408 EPISCOPORUM
1054 373 1489 407 DUNKELDENSIUM.

367 498 411 521 ne
436 486 632 521 adulatorie
649 486 779 521 dixisse
800 486 992 532 judicarer,
1017 485 1132 520 multa
1148 485 1192 519 de
1213 484 1324 531 hujus
1341 483 1470 518 nobilis
1489 483 1558 517 viri
1577 494 1668 528 prae-

368 569 471 603 claris
488 568 625 603 actibus
642 568 780 603 dicendi
798 567 886 601 mihi
904 567 1005 612 copia
1022 571 1123 601 esset.

416 813 627 848 CANTOR
652 812 834 853 Ecclesiae,
858 812 1012 847 Jacobus
1037 812 1214 853 Fentoun,
1231 813 1277 848 ob
1300 823 1404 847 suam
1426 812 1667 858 prudentiam,

367 897 461 931 dicto
483 895 643 942 Georgeo
660 894 886 929 Camerarius
904 895 1124 941 designatur,
1141 899 1177 929 et
1194 894 1290 929 inter
1312 895 1523 940 praepositos
1541 895 1668 929 domus

370 983 405 1013 et
422 979 582 1013 consules
599 981 750 1012 secretos
767 977 928 1022 primus3
947 977 1009 1022 qui
1027 977 1123 1022 apud
1140 977 1332 1018 ecclesiam,
1349 977 1420 1011 nisi
1433 987 1498 1022 pro
1516 977 1670 1021 episcopi

369 1060 587 1105 beneplacito
608 1059 795 1100 residebat,
813 1063 849 1093 et
866 1070 907 1093 eo
924 1063 1111 1104 praesente.
1138 1058 1258 1093 Unam
1282 1070 1431 1104 cappam
1449 1058 1597 1093 sericam
1622 1059 1672 1092 al-

368 1142 449 1176 bam
472 1142 518 1175 lie
535 1142 706 1181 dammas,
730 1152 812 1175 cum
838 1142 984 1186 capucio
1007 1145 1042 1175 et
1065 1140 1270 1176 lateralibus
1288 1140 1443 1175 fimbreis
1461 1140 1529 1174 filis
1556 1141 1672 1174 aureis

367 1223 556 1268 sericisque
577 1223 762 1264 contextis,
780 1224 818 1258 in
835 1223 1064 1270 ymaginibus
1088 1223 1300 1258 Sanctorum
1322 1222 1470 1263 obsutis,
1487 1221 1673 1257 Dunkeld-

373 1306 448 1340 ensi
472 1306 627 1339 ecclesiae
645 1306 764 1346 dedit;
791 1310 828 1340 et
844 1306 932 1340 duas
957 1306 1167 1351 capellanias
1191 1306 1230 1340 in
1249 1305 1394 1340 ecclesia
1416 1304 1610 1349 parochiali
1628 1305 1671 1337 de

369 1388 491 1428 Perth‚
505 1388 550 1421 ad
563 1388 674 1422 altare
685 1388 825 1423 Sanctae
840 1388 969 1423 Mariae
983 1389 1026 1422 de
1040 1388 1288 1428 consolatione,
1301 1387 1469 1422 fundavit
1481 1397 1491 1428 ς
1510 1386 1670 1421 tabulam

368 1471 481 1504 eidem
500 1474 536 1504 et
554 1471 773 1504 antemurale
796 1471 1040 1504 decentissime
1058 1470 1135 1504 fieri
1155 1470 1251 1510 fecit,
1268 1470 1403 1514 pariter
1426 1473 1462 1503 et
1479 1469 1613 1508 sedilia,
1631 1480 1671 1502 ac

369 1553 504 1586 sacellae
519 1553 723 1586 coelaturam
738 1557 936 1596 opportune
947 1553 1104 1597 coaptari
1117 1562 1126 1593 ;
1146 1556 1182 1586 et
1192 1552 1339 1586 domum
1353 1551 1553 1596 antiquitus
1567 1561 1674 1595 super

313 1651 315 1653 v
370 1635 484 1678 ripam
509 1646 612 1679 aquae
636 1635 679 1668 (le
697 1634 801 1679 Taya
823 1635 861 1668 in
885 1646 1009 1668 manso
1033 1635 1187 1669 cantoris
1211 1634 1307 1674 tulit,
1330 1638 1366 1668 et
1389 1634 1435 1668 ad
1458 1634 1672 1668 anteriorem

370 1716 485 1750 mansi
499 1721 636 1760 partem
654 1721 690 1750 et
707 1717 860 1761 plateam
879 1717 1025 1751 domum
1044 1718 1073 1750 si
1091 1720 1318 1762 repararetur
1343 1717 1480 1751 cantori
1498 1716 1671 1751 sufficien-

371 1802 442 1831 tem
464 1798 674 1838 construxit,
698 1802 734 1832 et
751 1799 881 1844 tegulis
899 1799 1030 1843 parvis,
1048 1800 1158 1845 vulgo
1175 1799 1292 1843 scalye
1309 1799 1455 1838 vocatis,
1474 1799 1546 1844 tegi
1563 1798 1646 1832 fecit
1662 1809 1671 1838 ;

371 1885 405 1914 et
419 1880 614 1914 claustrum
628 1880 877 1914 canonicorum
889 1880 1090 1921 decoravit3
1112 1881 1249 1925 reliqua
1259 1880 1375 1914 mansi
1389 1880 1524 1914 edificia
1538 1880 1673 1926 Magis-

371 1967 426 1996 ter
444 1961 622 1997 Robertus
640 1962 795 1997 Boswell
819 1963 1042 2003 construxit3
1069 1974 1237 2009 magnam
1255 1962 1428 1997 familiam
1448 1963 1558 1998 Perth
1576 1963 1673 1998 fove-

372 2043 444 2083 bat,
456 2048 490 2078 et
505 2044 662 2079 honestis
676 2045 948 2091 consanguineis
961 2045 1047 2079 vitae
1061 2045 1257 2079 necessaria
1273 2045 1450 2090 praebuit3
1472 2056 1670 2091 pauperum

371 2125 501 2165 fautor,
525 2131 560 2160 et
583 2127 632 2160 eis
656 2127 757 2173 larga
780 2138 890 2161 manu
914 2127 1092 2171 praesidio,
1109 2126 1263 2162 Jacobus
1288 2133 1411 2163 cantor
1434 2129 1491 2162 vir
1513 2129 1667 2163 multum

371 2208 482 2242 fidelis
500 2208 543 2241 de
559 2209 633 2242 suis
650 2209 815 2243 laudatus
833 2210 933 2243 vixit.
