2044 2906
587 419 714 450 VITAE
739 417 1078 450 EPISCOPORUM
1102 414 1539 447 DUNKELDENSIUM.
1667 415 1703 447 7]

402 541 521 564 rerum
539 541 685 564 suarum
702 530 890 564 amissione
908 530 1084 568 timentes,
1097 527 1218 573 petitis
1236 531 1411 561 annuunt.
1455 525 1507 560 Et
1528 524 1704 571 pontificis

403 611 527 645 funere
543 616 695 656 peracto,
709 613 747 646 in
765 612 919 656 capitulo
936 610 1195 649 convenientes,
1211 609 1306 642 diem
1319 619 1384 653 pro
1398 607 1513 642 futuri
1532 606 1708 652 pontificis

405 693 572 727 electione
589 693 830 738 praefixerunt,
847 692 1023 726 canonicis
1047 690 1252 725 absentibus
1270 701 1335 735 per
1352 691 1507 724 edictum
1524 689 1706 735 publicum

406 775 451 808 ad
467 774 534 809 hoc
550 775 711 809 citandis.
754 773 835 813 Quo
852 773 1072 812 adveniente,
1090 772 1386 816 contemplatione
1403 771 1542 806 comitis

458 1019 704 1055 ANDREAS
733 1019 987 1055 STEWART
1018 1020 1095 1067 ejus
1125 1029 1327 1066 germanus,
1357 1019 1443 1064 quia
1475 1018 1711 1053 subdiaconus

411 1112 483 1136 non
497 1106 584 1143 erat,
594 1102 633 1136 in
643 1102 847 1147 episcopum
864 1106 918 1137 est
930 1102 1142 1147 postulatus,
1156 1101 1317 1135 omnium
1329 1111 1513 1141 consensu,
1527 1104 1563 1135 et
1580 1112 1621 1135 eo
1638 1112 1713 1135 ma—

410 1183 477 1229 gis,
503 1184 589 1228 quia
613 1195 728 1218 comes
754 1188 880 1229 potens
903 1188 980 1218 erat
1005 1183 1196 1223 ecclesiam,
1217 1182 1480 1223 ecclesiasticos,
1502 1186 1539 1216 et
1559 1183 1713 1227 patriam

412 1264 457 1299 ab
474 1265 740 1310 oppressoribus
757 1270 793 1300 et
810 1265 1106 1311 depopulantibus
1124 1264 1333 1305 defendere3
1360 1264 1579 1309 missumque
1596 1268 1650 1298 est
1669 1265 1714 1298 ad

413 1346 695 1381 illustrissimum
711 1346 736 1381 J
737 1347 914 1381 ohannem
931 1347 1056 1381 ducem
1073 1345 1240 1381 Albaniae
1263 1346 1365 1393 regni
1388 1345 1662 1392 gubernatorem
1680 1350 1715 1380 et

414 1427 524 1474 Regis
541 1432 708 1469 tutorem,
733 1439 797 1474 per
812 1428 1002 1474 primarios
1019 1428 1121 1474 regni
1145 1428 1232 1462 alias
1250 1428 1486 1474 designatum,
1505 1427 1639 1463 Gallias
1656 1430 1717 1462 ad-

414 1509 485 1543 huc
509 1510 741 1544 existentem:
775 1510 837 1555 qui
867 1510 986 1543 renuit
1008 1510 1200 1554 quicquam
1226 1510 1265 1543 in
1292 1510 1496 1554 praelaturis
1520 1510 1716 1554 disponere,

416 1601 529 1635 usque
546 1591 740 1624 adventum
751 1601 857 1624 suum
874 1591 912 1624 in
926 1601 1075 1636 regnum
1090 1600 1100 1631 3
1119 1591 1182 1635 qui
1199 1590 1245 1624 ad
1261 1601 1359 1624 mare
1376 1591 1588 1625 occidentale
1606 1593 1718 1636 appli-

417 1672 502 1711 cuit,
526 1672 564 1705 in
581 1683 701 1706 mense
719 1671 829 1712 Maio,
853 1683 947 1706 anno
964 1672 1098 1706 domini
1120 1672 1308 1706 millesimo
1325 1672 1610 1718 quingentesimo
1628 1673 1718 1707 deci-

417 1764 476 1786 mo
489 1753 626 1798 quinto.
645 1752 759 1799 Cujus
769 1753 924 1799 gratiam
938 1752 1102 1787 obtinens
1118 1754 1330 1798 postulatus,
1344 1753 1574 1788 intercessore
1591 1756 1717 1789 comite

417 1839 470 1868 est
487 1845 708 1879 responsum,
731 1839 773 1868 ut
791 1845 863 1879 :per
883 1834 1004 1868 literas
1029 1834 1156 1880 regias,
1175 1835 1218 1868 de
1235 1833 1409 1869 fructibus
1433 1835 1592 1869 vacantis
1616 1836 1719 1875 sedis,

417 1916 502 1960 quia
524 1916 603 1950 illos
627 1927 691 1961 per
709 1916 831 1950 literas
857 1916 1055 1950 ordinarias
1078 1915 1208 1949 habere
1231 1927 1304 1950 non
1326 1920 1491 1960 poterat3
1517 1927 1639 1961 ymmo
1657 1917 1718 1963 jus

417 2007 603 2031 commune
625 2001 777 2037 secutus,
798 1997 951 2031 decanus
967 1996 1091 2031 futuro
1114 1997 1305 2031 successori
1328 1997 1552 2031 conservavit
1568 1998 1717 2031 eosdem.

421 2078 581 2119 Interim,
599 2078 722 2112 audito
742 2078 828 2112 dicti
849 2077 1000 2124 Georgei
1023 2077 1199 2122 pontificis
1222 2082 1347 2118 morte,
1368 2077 1510 2124 Regina
1529 2089 1610 2124 quae
1634 2083 1720 2113 tunc

419 2159 537 2194 fuerat
562 2159 685 2200 Perth,
702 2170 857 2194 unacum
879 2159 1031 2193 dominis
1058 2159 1195 2193 concilii
1221 2159 1380 2204 opinioni
1406 2170 1481 2195 suae
1506 2159 1720 2199 faventibus,

420 2251 630 2275 consensum
648 2251 754 2275 suum
772 2251 816 2275 ex
833 2245 935 2286 parte
953 2240 1074 2287 Regis,
1092 2239 1247 2285 praebuit
1264 2240 1437 2287 magistro
