2106 2894
388 376 435 413 94
584 361 586 365 V
685 371 950 405 COMPOTUM
972 371 1205 404 MAGISTRI
1227 370 1431 404 FABRICE

388 482 495 529 supra
505 483 570 530 xiij
582 486 607 517 ἔ.
644 483 696 518 Et
708 485 881 518 allocatur
896 483 1060 517 eidemin
1073 480 1234 528 expenfis
1244 482 1348 517 factis
1359 483 1453 517 circa
1464 481 1705 516 collectionem

391 566 607 601 decimarum
625 565 827 611 garbalium
850 566 894 599 de
913 564 1109 610 Cardynes‚
1128 563 1218 599 Litil
1236 564 1418 605 Dunkeld,
1437 564 1653 609 Inchewyne
1671 567 1707 598 et

392 647 578 692 Fandowy
601 647 638 681 in
660 646 769 681 Anno
790 646 938 681 Domini
956 647 998 693 j¹¹¹
1023 648 1059 680 v‘
1082 648 1146 681 x¹¹⁰
1165 650 1201 682 et
1225 659 1320 682 anno
1341 647 1418 693 ij
1438 644 1486 681 lie
1508 657 1615 693 crope
1639 658 1664 681 x
1681 649 1707 680 ἓ.

388 730 406 774 j
423 727 458 763 d.
494 729 544 764 Et
562 730 735 764 allocatur
745 730 859 764 eidem
878 730 915 764 in
934 729 1110 764 facturam
1128 730 1293 764 undecim
1312 730 1499 764 traharum
1517 731 1560 764 ad
1580 730 1708 764 ducen-

395 812 458 846 das
482 812 636 846 decimas
658 812 834 857 predictas
852 813 896 846 de
914 822 1022 859 crope
1044 812 1130 846 anni
1149 817 1209 846 ‘ze‘
1229 814 1266 846 v‘
1283 812 1361 859 xiij,
1378 812 1417 858 iij
1441 815 1467 846 ἔ.
1486 800 1549 858 'viij
1568 810 1602 847 d.
1656 810 1708 846 Et

396 893 569 928 allocatur
592 895 705 928 eidem
731 895 770 928 in
795 892 955 939 expenfis
982 894 1131 929 Domini
1156 894 1180 928 J
1182 895 1282 929 acobi
1310 893 1509 929 Henrisone
1535 899 1570 929 et
1596 894 1711 930 secum

396 975 607 1011 servitorum
626 977 719 1011 circa
736 977 834 1023 ligna
851 976 992 1010 fraxina
1017 988 1083 1021 pro
1107 976 1243 1011 tabulis
1264 977 1310 1011 ad
1331 974 1379 1011 lie
1396 974 1602 1024 Daweling
1626 979 1712 1012 wol-

398 1064 517 1094 tarum
542 1059 661 1104 pontis
686 1059 749 1104 xlij
773 1061 799 1092 ἔ.
850 1057 902 1092 Et
928 1059 1101 1092 allocatur
1124 1059 1239 1093 eidem
1264 1070 1329 1103 per
1351 1059 1570 1104 empcionem
1597 1060 1635 1093 in
1663 1058 1712 1093 lie

398 1139 508 1186 drqff
522 1147 630 1186 empt.
654 1141 699 1175 ad
726 1141 878 1175 verudos
900 1141 945 1175 ab
969 1146 1094 1175 octavo
1111 1141 1202 1175 Julii
1225 1142 1309 1175 anni
1329 1146 1389 1176 *tc*
1408 1143 1445 1175 v⁰
1457 1139 1541 1187 xijmj
1561 1142 1598 1175 in
1617 1142 1711 1177 diem

400 1221 609 1270 vigesimum
626 1224 784 1269 primum
809 1223 1028 1268 Septembris
1047 1223 1202 1270 ejusdem
1222 1225 1307 1258 anni
1327 1229 1362 1258 et
1380 1224 1426 1258 ab
1443 1224 1527 1258 hinc
1545 1236 1608 1269 per
1625 1223 1714 1259 esta-

401 1313 473 1342 tem
495 1308 563 1342 hoc
583 1319 677 1341 anno
695 1312 730 1341 et
753 1318 847 1341 anno
871 1312 931 1341 ze*
950 1308 986 1340 ve
1005 1306 1068 1352 xiij
1093 1307 1131 1341 in
1157 1307 1252 1341 diem
1278 1307 1353 1353 xvij
1374 1305 1532 1353 Augusti
1557 1306 1712 1353 ejusdem

402 1391 486 1425 anni
504 1391 543 1424 in
560 1390 701 1425 defectu
725 1401 920 1424 avenarum
944 1390 1018 1435 xxij
1045 1392 1070 1423 ἔ.
1096 1401 1120 1423 v
1143 1387 1177 1423 d.
1230 1389 1282 1424 Et
1307 1390 1481 1424 allocatur
1509 1390 1624 1424 eidem
1650 1401 1714 1435 per

403 1474 621 1518 empcionem
639 1484 810 1518 equorum
831 1473 1048 1506 verudorum
1067 1473 1112 1506 ad
1129 1473 1232 1507 redas
1251 1471 1311 1507 seu
1328 1472 1456 1519 bighas
1474 1476 1510 1506 et
1535 1473 1653 1517 primo
1671 1484 1714 1507 ex

403 1557 481 1591 foro
499 1553 741 1590 Dunblanenfi
769 1560 841 1590 tres
868 1555 950 1600 equi
973 1555 1092 1600 precio
1118 1554 1301 1589 tresdecim
1328 1555 1389 1589 lib.
1407 1559 1487 1589 octo
1504 1553 1602 1590 solid.
1621 1555 1660 1601 iij
1680 1553 1714 1589 d.

404 1639 456 1674 Et
486 1651 508 1673 a
532 1639 695 1673 Johanne
726 1638 828 1672 Blair
849 1649 944 1672 unus
972 1649 1085 1683 equus
1109 1638 1228 1683 precio
1251 1639 1410 1684 quinque
1435 1638 1609 1672 librarum
1637 1643 1672 1673 et
1695 1651 1716 1673 a

404 1722 525 1757 David
542 1721 718 1766 Balbirny
734 1732 828 1755 unus
846 1732 959 1766 equus
984 1722 1104 1766 precio
1121 1722 1280 1767 quinque
1304 1732 1504 1756 morcarum
1524 1725 1560 1755 et
1586 1733 1609 1755 a
1624 1721 1717 1756 Wil-

405 1807 524 1841 lielmo
551 1803 634 1838 Scot
659 1804 730 1837 duo
760 1803 842 1848 equi
868 1803 987 1847 precio
1014 1814 1144 1837 novem
1171 1803 1347 1837 librarum
1372 1801 1432 1836 sex
1461 1801 1653 1836 solidorum
1681 1808 1716 1837 et

406 1893 485 1922 octo
502 1886 728 1921 denariorum
756 1890 792 1919 et
815 1897 836 1919 a
853 1884 1051 1919 Willielmo
1075 1884 1154 1919 Seir
1173 1896 1267 1919 unus
1287 1896 1400 1930 equus
1426 1886 1544 1929 precio
1562 1890 1716 1930 quatuor

404 1971 578 2006 librarum
602 1970 788 2004 extenden.
812 1969 850 2002 in
874 1969 977 2003 totali
998 1969 1148 2014 pecunia
1166 1970 1211 2003 ad
1228 1980 1328 2003 xxxv
1345 1969 1382 2003 li.
1400 1969 1464 2003 xix
1481 1967 1516 2003 d.
1569 1969 1621 2003 Et
1638 1982 1717 2015 pre-

405 2052 636 2087 sentabantur
652 2063 716 2097 per
736 2050 892 2086 diversos
914 2052 997 2097 equi
1021 2052 1079 2099 νίς
1100 2063 1165 2097 per
1187 2051 1383 2086 Dominum
1401 2051 1604 2087 Johannem
1624 2052 1717 2098 Tiry

406 2136 586 2171 vicarium-
603 2136 646 2169 de
664 2134 880 2169 Crawmond
905 2145 997 2169 unus
1025 2146 1137 2180 equus
1158 2133 1265 2181 grosii
1289 2135 1420 2170 coloris·
1440 2141 1476 2170 et
1502 2147 1566 2180 per
1591 2136 1717 2171 Domi-

405 2230 491 2253 num
510 2218 688 2253 Thomam
707 2216 818 2264 Greig
840 2217 1115 2262 prebendarium
1136 2218 1179 2252 de
1196 2216 1330 2264 Alytht
1355 2229 1450 2253 unus
1474 2230 1588 2265 equus
1619 2220 1714 2266 nigri

2096 679 2098 682 ·
2096 557 2106 658 .-ma-m...
2104 541 2106 543 .
2100 492 2103 497 «
