<?xml version="1.0" encoding="UTF-8"?>
<!DOCTYPE html PUBLIC "-//W3C//DTD XHTML 1.0 Transitional//EN"
    "http://www.w3.org/TR/xhtml1/DTD/xhtml1-transitional.dtd">
<html xmlns="http://www.w3.org/1999/xhtml" xml:lang="en" lang="en">
 <head>
  <title>
</title>
<meta http-equiv="Content-Type" content="text/html;charset=utf-8" />
  <meta name='ocr-system' content='tesseract 3.04.00' />
  <meta name='ocr-capabilities' content='ocr_page ocr_carea ocr_par ocr_line ocrx_word'/>
</head>
<body>
  <div class='ocr_page' id='page_1' title='image "./vitaedvnkeldens102mylnuoft_0065.png"; bbox 0 0 2044 2906; ppageno 0'>
   <div class='ocr_carea' id='block_1_1' title="bbox 595 415 1689 450">
    <p class='ocr_par' dir='ltr' id='par_1_1' title="bbox 595 415 1689 450">
     <span class='ocr_line' id='line_1_1' title="bbox 595 415 1689 450; baseline -0.004 0"><span class='ocrx_word' id='word_1_1' title='bbox 595 419 723 450; x_wconf 80' lang='lat' dir='ltr'>VITAE</span> <span class='ocrx_word' id='word_1_2' title='bbox 749 418 1085 450; x_wconf 89' lang='lat' dir='ltr'><strong>EPISCOPORUM</strong></span> <span class='ocrx_word' id='word_1_3' title='bbox 1110 416 1546 448; x_wconf 86' lang='lat' dir='ltr'><strong>DUNKELDENSIUM.</strong></span> <span class='ocrx_word' id='word_1_4' title='bbox 1647 415 1689 445; x_wconf 80' lang='lat'><strong>43</strong></span> 
     </span>
    </p>
   </div>
   <div class='ocr_carea' id='block_1_2' title="bbox 393 518 1696 649">
    <p class='ocr_par' dir='ltr' id='par_1_2' title="bbox 393 518 1696 649">
     <span class='ocr_line' id='line_1_2' title="bbox 397 518 1696 569; baseline -0.004 -13"><span class='ocrx_word' id='word_1_5' title='bbox 397 523 523 563; x_wconf 87' lang='lat' dir='ltr'><strong>clesiae,</strong></span> <span class='ocrx_word' id='word_1_6' title='bbox 549 528 656 568; x_wconf 88' lang='lat' dir='ltr'><strong>prout</strong></span> <span class='ocrx_word' id='word_1_7' title='bbox 686 524 731 557; x_wconf 93' lang='lat' dir='ltr'><strong>ad</strong></span> <span class='ocrx_word' id='word_1_8' title='bbox 756 523 903 569; x_wconf 83' lang='lat' dir='ltr'><strong>longmn</strong></span> <span class='ocrx_word' id='word_1_9' title='bbox 933 522 971 556; x_wconf 89' lang='lat' dir='ltr'><strong>in</strong></span> <span class='ocrx_word' id='word_1_10' title='bbox 996 521 1217 556; x_wconf 84' lang='lat' dir='ltr'><strong>fundationis</strong></span> <span class='ocrx_word' id='word_1_11' title='bbox 1250 524 1347 554; x_wconf 84' lang='lat' dir='ltr'><strong>carta</strong></span> <span class='ocrx_word' id='word_1_12' title='bbox 1377 519 1541 560; x_wconf 88' lang='lat' dir='ltr'><strong>habetur,</strong></span> <span class='ocrx_word' id='word_1_13' title='bbox 1571 518 1696 564; x_wconf 87' lang='lat' dir='ltr'>sigillis</span> 
     </span>
     <span class='ocr_line' id='line_1_3' title="bbox 393 599 1694 649; baseline -0.005 -10"><span class='ocrx_word' id='word_1_14' title='bbox 393 605 477 638; x_wconf 88' lang='lat' dir='ltr'><strong>dicti</strong></span> <span class='ocrx_word' id='word_1_15' title='bbox 495 606 606 649; x_wconf 84' lang='lat' dir='ltr'><strong>patris</strong></span> <span class='ocrx_word' id='word_1_16' title='bbox 624 605 839 645; x_wconf 89' lang='lat' dir='ltr'><strong>authentico,</strong></span> <span class='ocrx_word' id='word_1_17' title='bbox 853 608 888 638; x_wconf 89' lang='lat' dir='ltr'><strong>et</strong></span> <span class='ocrx_word' id='word_1_18' title='bbox 905 603 1084 638; x_wconf 89' lang='lat' dir='ltr'><strong>communi</strong></span> <span class='ocrx_word' id='word_1_19' title='bbox 1102 602 1247 647; x_wconf 88' lang='lat' dir='ltr'><strong>capituli</strong></span> <span class='ocrx_word' id='word_1_20' title='bbox 1262 612 1410 646; x_wconf 86' lang='lat' dir='ltr'><strong>meaque</strong></span> <span class='ocrx_word' id='word_1_21' title='bbox 1427 599 1694 644; x_wconf 85' lang='lat' dir='ltr'>subscriptione,</span> 
     </span>
    </p>
   </div>
   <div class='ocr_carea' id='block_1_3' title="bbox 394 686 569 721">
    <p class='ocr_par' dir='ltr' id='par_1_3' title="bbox 394 686 569 721">
     <span class='ocr_line' id='line_1_4' title="bbox 394 686 569 721; baseline 0.006 -2"><span class='ocrx_word' id='word_1_22' title='bbox 394 686 569 721; x_wconf 87' lang='lat' dir='ltr'><strong>roborata.</strong></span> 
     </span>
    </p>
   </div>
   <div class='ocr_carea' id='block_1_4' title="bbox 393 844 1698 1789">
    <p class='ocr_par' dir='ltr' id='par_1_4' title="bbox 393 844 1698 1789">
     <span class='ocr_line' id='line_1_5' title="bbox 444 844 1697 893; baseline -0.004 -11"><span class='ocrx_word' id='word_1_23' title='bbox 444 847 523 882; x_wconf 94' lang='lat' dir='ltr'><strong>Hoc</strong></span> <span class='ocrx_word' id='word_1_24' title='bbox 540 848 743 882; x_wconf 92' lang='lat' dir='ltr'><strong>mirandum</strong></span> <span class='ocrx_word' id='word_1_25' title='bbox 756 848 853 893; x_wconf 89' lang='lat' dir='ltr'><strong>quod</strong></span> <span class='ocrx_word' id='word_1_26' title='bbox 871 847 1043 892; x_wconf 86' lang='lat' dir='ltr'><strong>sequitur,</strong></span> <span class='ocrx_word' id='word_1_27' title='bbox 1057 856 1196 879; x_wconf 91' lang='lat' dir='ltr'><strong>mecum</strong></span> <span class='ocrx_word' id='word_1_28' title='bbox 1209 844 1371 891; x_wconf 88' lang='lat' dir='ltr'><strong>judicavi</strong></span> <span class='ocrx_word' id='word_1_29' title='bbox 1388 854 1461 878; x_wconf 89' lang='lat' dir='ltr'><strong>non</strong></span> <span class='ocrx_word' id='word_1_30' title='bbox 1478 847 1697 889; x_wconf 90' lang='lat' dir='ltr'><strong>praetereun-</strong></span> 
     </span>
     <span class='ocr_line' id='line_1_6' title="bbox 394 924 1693 975; baseline -0.005 -11"><span class='ocrx_word' id='word_1_31' title='bbox 394 930 490 963; x_wconf 90' lang='lat' dir='ltr'><strong>dum.</strong></span> <span class='ocrx_word' id='word_1_32' title='bbox 520 928 727 975; x_wconf 85' lang='lat' dir='ltr'><strong>Antequam</strong></span> <span class='ocrx_word' id='word_1_33' title='bbox 740 929 920 963; x_wconf 87' lang='lat' dir='ltr'><strong>ecclesiam</strong></span> <span class='ocrx_word' id='word_1_34' title='bbox 933 927 1157 967; x_wconf 82' lang='lat' dir='ltr'><strong>fundaverat,</strong></span> <span class='ocrx_word' id='word_1_35' title='bbox 1170 927 1300 961; x_wconf 90' lang='lat' dir='ltr'><strong>timens</strong></span> <span class='ocrx_word' id='word_1_36' title='bbox 1313 930 1449 971; x_wconf 87' lang='lat' dir='ltr'><strong>pestem</strong></span> <span class='ocrx_word' id='word_1_37' title='bbox 1462 936 1526 971; x_wconf 90' lang='lat' dir='ltr'><strong>per</strong></span> <span class='ocrx_word' id='word_1_38' title='bbox 1538 924 1693 970; x_wconf 89' lang='lat' dir='ltr'><strong>patriam</strong></span> 
     </span>
     <span class='ocr_line' id='line_1_7' title="bbox 396 1009 1694 1057; baseline -0.003 -11"><span class='ocrx_word' id='word_1_39' title='bbox 396 1013 583 1057; x_wconf 78' lang='lat' dir='ltr'><strong>pullulare,</strong></span> <span class='ocrx_word' id='word_1_40' title='bbox 601 1013 722 1047; x_wconf 90' lang='lat' dir='ltr'><strong>volens</strong></span> <span class='ocrx_word' id='word_1_41' title='bbox 743 1012 928 1057; x_wconf 89' lang='lat' dir='ltr'><strong>providere</strong></span> <span class='ocrx_word' id='word_1_42' title='bbox 946 1012 989 1045; x_wconf 90' lang='lat' dir='ltr'><strong>de</strong></span> <span class='ocrx_word' id='word_1_43' title='bbox 1006 1010 1239 1045; x_wconf 86' lang='lat' dir='ltr'><strong>ecclesiastica</strong></span> <span class='ocrx_word' id='word_1_44' title='bbox 1256 1010 1450 1055; x_wconf 86' lang='lat' dir='ltr'><strong>sepultura,</strong></span> <span class='ocrx_word' id='word_1_45' title='bbox 1474 1009 1694 1043; x_wconf 66' lang='lat' dir='ltr'><strong>cemiterium</strong></span> 
     </span>
     <span class='ocr_line' id='line_1_8' title="bbox 395 1090 1694 1139; baseline -0.003 -11"><span class='ocrx_word' id='word_1_46' title='bbox 395 1094 562 1139; x_wconf 83' lang='lat' dir='ltr'><strong>signavit,</strong></span> <span class='ocrx_word' id='word_1_47' title='bbox 583 1094 715 1128; x_wconf 84' lang='lat' dir='ltr'><strong>dicavit</strong></span> <span class='ocrx_word' id='word_1_48' title='bbox 737 1098 774 1128; x_wconf 83' lang='lat' dir='ltr'><strong>et</strong></span> <span class='ocrx_word' id='word_1_49' title='bbox 796 1092 1000 1133; x_wconf 81' lang='lat' dir='ltr'><strong>benedixit3</strong></span> <span class='ocrx_word' id='word_1_50' title='bbox 1031 1093 1274 1137; x_wconf 86' lang='lat' dir='ltr'><strong>quosdamque</strong></span> <span class='ocrx_word' id='word_1_51' title='bbox 1299 1096 1398 1137; x_wconf 84' lang='lat' dir='ltr'><strong>peste</strong></span> <span class='ocrx_word' id='word_1_52' title='bbox 1421 1092 1633 1131; x_wconf 83' lang='lat' dir='ltr'><strong>laborantes,</strong></span> <span class='ocrx_word' id='word_1_53' title='bbox 1656 1090 1694 1124; x_wconf 91' lang='lat' dir='ltr'><strong>in</strong></span> 
     </span>
     <span class='ocr_line' id='line_1_9' title="bbox 395 1172 1698 1219; baseline -0.002 -11"><span class='ocrx_word' id='word_1_54' title='bbox 395 1175 499 1208; x_wconf 88' lang='lat' dir='ltr'><strong>terris</strong></span> <span class='ocrx_word' id='word_1_55' title='bbox 523 1175 597 1208; x_wconf 89' lang='lat' dir='ltr'><strong>suis</strong></span> <span class='ocrx_word' id='word_1_56' title='bbox 621 1174 861 1209; x_wconf 84' lang='lat' dir='ltr'><strong>ecclesiasticis</strong></span> <span class='ocrx_word' id='word_1_57' title='bbox 879 1175 922 1208; x_wconf 91' lang='lat' dir='ltr'><strong>de</strong></span> <span class='ocrx_word' id='word_1_58' title='bbox 940 1173 1089 1219; x_wconf 89' lang='lat' dir='ltr'><strong>Capeth,</strong></span> <span class='ocrx_word' id='word_1_59' title='bbox 1106 1173 1279 1214; x_wconf 83' lang='lat' dir='ltr'><strong>visitavit,</strong></span> <span class='ocrx_word' id='word_1_60' title='bbox 1297 1177 1333 1208; x_wconf 86' lang='lat' dir='ltr'><strong>et</strong></span> <span class='ocrx_word' id='word_1_61' title='bbox 1349 1177 1570 1208; x_wconf 84' lang='lat' dir='ltr'><strong>sacramenta</strong></span> <span class='ocrx_word' id='word_1_62' title='bbox 1593 1172 1698 1206; x_wconf 90' lang='lat' dir='ltr'><strong>eccle-</strong></span> 
     </span>
     <span class='ocr_line' id='line_1_10' title="bbox 395 1254 1696 1301; baseline -0.001 -12"><span class='ocrx_word' id='word_1_63' title='bbox 395 1255 536 1290; x_wconf 88' lang='lat' dir='ltr'><strong>siastica</strong></span> <span class='ocrx_word' id='word_1_64' title='bbox 553 1256 603 1290; x_wconf 90' lang='lat' dir='ltr'><strong>eis</strong></span> <span class='ocrx_word' id='word_1_65' title='bbox 621 1256 829 1296; x_wconf 86' lang='lat' dir='ltr'><strong>ministrari,</strong></span> <span class='ocrx_word' id='word_1_66' title='bbox 846 1255 952 1291; x_wconf 85' lang='lat' dir='ltr'><strong>fecit:</strong></span> <span class='ocrx_word' id='word_1_67' title='bbox 969 1255 1096 1290; x_wconf 88' lang='lat' dir='ltr'><strong>Altera</strong></span> <span class='ocrx_word' id='word_1_68' title='bbox 1114 1266 1198 1290; x_wconf 90' lang='lat' dir='ltr'><strong>vero</strong></span> <span class='ocrx_word' id='word_1_69' title='bbox 1215 1255 1272 1289; x_wconf 90' lang='lat' dir='ltr'><strong>die</strong></span> <span class='ocrx_word' id='word_1_70' title='bbox 1289 1266 1419 1301; x_wconf 88' lang='lat' dir='ltr'><strong>aquam</strong></span> <span class='ocrx_word' id='word_1_71' title='bbox 1436 1254 1520 1289; x_wconf 86' lang='lat' dir='ltr'><strong>fecit</strong></span> <span class='ocrx_word' id='word_1_72' title='bbox 1535 1254 1696 1289; x_wconf 91' lang='lat' dir='ltr'><strong>benedic-</strong></span> 
     </span>
     <span class='ocr_line' id='line_1_11' title="bbox 394 1336 1697 1382; baseline -0.002 -10"><span class='ocrx_word' id='word_1_73' title='bbox 394 1342 480 1377; x_wconf 85' lang='lat' dir='ltr'><strong>tam,</strong></span> <span class='ocrx_word' id='word_1_74' title='bbox 504 1337 541 1371; x_wconf 92' lang='lat' dir='ltr'><strong>in</strong></span> <span class='ocrx_word' id='word_1_75' title='bbox 559 1348 631 1382; x_wconf 88' lang='lat' dir='ltr'><strong>qua</strong></span> <span class='ocrx_word' id='word_1_76' title='bbox 646 1338 782 1372; x_wconf 84' lang='lat' dir='ltr'><strong>lavavit</strong></span> <span class='ocrx_word' id='word_1_77' title='bbox 799 1349 838 1372; x_wconf 90' lang='lat' dir='ltr'><strong>os</strong></span> <span class='ocrx_word' id='word_1_78' title='bbox 855 1338 950 1372; x_wconf 87' lang='lat' dir='ltr'><strong>beati</strong></span> <span class='ocrx_word' id='word_1_79' title='bbox 973 1337 1169 1378; x_wconf 78' lang='lat' dir='ltr'><strong>Columbae,</strong></span> <span class='ocrx_word' id='word_1_80' title='bbox 1187 1342 1223 1371; x_wconf 87' lang='lat' dir='ltr'><strong>et</strong></span> <span class='ocrx_word' id='word_1_81' title='bbox 1248 1348 1329 1371; x_wconf 89' lang='lat' dir='ltr'><strong>cum</strong></span> <span class='ocrx_word' id='word_1_82' title='bbox 1347 1336 1554 1372; x_wconf 84' lang='lat' dir='ltr'><strong>cancellario</strong></span> <span class='ocrx_word' id='word_1_83' title='bbox 1578 1336 1628 1370; x_wconf 89' lang='lat' dir='ltr'><strong>eis</strong></span> <span class='ocrx_word' id='word_1_84' title='bbox 1652 1336 1697 1369; x_wconf 89' lang='lat' dir='ltr'><strong>ad</strong></span> 
     </span>
     <span class='ocr_line' id='line_1_12' title="bbox 395 1416 1698 1464; baseline -0.002 -12"><span class='ocrx_word' id='word_1_85' title='bbox 395 1417 585 1452; x_wconf 87' lang='lat' dir='ltr'><strong>bibendum</strong></span> <span class='ocrx_word' id='word_1_86' title='bbox 610 1418 720 1459; x_wconf 90' lang='lat' dir='ltr'><strong>misit,</strong></span> <span class='ocrx_word' id='word_1_87' title='bbox 744 1430 852 1464; x_wconf 90' lang='lat' dir='ltr'><strong>quam</strong></span> <span class='ocrx_word' id='word_1_88' title='bbox 877 1419 982 1453; x_wconf 89' lang='lat' dir='ltr'><strong>multi</strong></span> <span class='ocrx_word' id='word_1_89' title='bbox 1005 1419 1214 1464; x_wconf 88' lang='lat' dir='ltr'><strong>recipientes</strong></span> <span class='ocrx_word' id='word_1_90' title='bbox 1236 1419 1314 1453; x_wconf 87' lang='lat' dir='ltr'><strong>sani</strong></span> <span class='ocrx_word' id='word_1_91' title='bbox 1336 1417 1422 1453; x_wconf 87' lang='lat' dir='ltr'><strong>facti</strong></span> <span class='ocrx_word' id='word_1_92' title='bbox 1448 1422 1542 1452; x_wconf 85' lang='lat' dir='ltr'><strong>sunt.</strong></span> <span class='ocrx_word' id='word_1_93' title='bbox 1594 1416 1698 1451; x_wconf 89' lang='lat' dir='ltr'><strong>Unus</strong></span> 
     </span>
     <span class='ocr_line' id='line_1_13' title="bbox 393 1499 1697 1546; baseline -0.001 -13"><span class='ocrx_word' id='word_1_94' title='bbox 393 1510 478 1534; x_wconf 92' lang='lat' dir='ltr'><strong>vero</strong></span> <span class='ocrx_word' id='word_1_95' title='bbox 491 1499 659 1545; x_wconf 74' lang='lat' dir='ltr'><strong>proterve</strong></span> <span class='ocrx_word' id='word_1_96' title='bbox 677 1502 884 1535; x_wconf 87' lang='lat' dir='ltr'><strong>cancellario</strong></span> <span class='ocrx_word' id='word_1_97' title='bbox 902 1501 1095 1546; x_wconf 90' lang='lat' dir='ltr'><strong>respondit,</strong></span> <span class='ocrx_word' id='word_1_98' title='bbox 1115 1504 1135 1520; x_wconf 72' lang='lat'><strong>‘²</strong></span> <span class='ocrx_word' id='word_1_99' title='bbox 1149 1501 1246 1540; x_wconf 87' lang='lat' dir='ltr'><strong>Quid</strong></span> <span class='ocrx_word' id='word_1_100' title='bbox 1264 1501 1378 1534; x_wconf 88' lang='lat' dir='ltr'><strong>mittit</strong></span> <span class='ocrx_word' id='word_1_101' title='bbox 1394 1500 1496 1534; x_wconf 93' lang='lat' dir='ltr'><strong>nobis</strong></span> <span class='ocrx_word' id='word_1_102' title='bbox 1514 1499 1697 1543; x_wconf 89' lang='lat' dir='ltr'><strong>episcopus</strong></span> 
     </span>
     <span class='ocr_line' id='line_1_14' title="bbox 396 1580 1698 1626; baseline -0.001 -11"><span class='ocrx_word' id='word_1_103' title='bbox 396 1591 526 1626; x_wconf 87' lang='lat' dir='ltr'><strong>aquam</strong></span> <span class='ocrx_word' id='word_1_104' title='bbox 543 1582 589 1615; x_wconf 88' lang='lat' dir='ltr'><strong>ad</strong></span> <span class='ocrx_word' id='word_1_105' title='bbox 605 1581 796 1615; x_wconf 87' lang='lat' dir='ltr'><strong>bibendum</strong></span> <span class='ocrx_word' id='word_1_106' title='bbox 811 1580 828 1614; x_wconf 74' lang='grc' dir='ltr'><strong>ἶ)</strong></span> <span class='ocrx_word' id='word_1_107' title='bbox 855 1582 997 1615; x_wconf 88' lang='lat' dir='ltr'><strong>mallem</strong></span> <span class='ocrx_word' id='word_1_108' title='bbox 1015 1582 1169 1615; x_wconf 82' lang='lat' dir='ltr'><strong>misisset</strong></span> <span class='ocrx_word' id='word_1_109' title='bbox 1186 1581 1294 1615; x_wconf 89' lang='lat' dir='ltr'><strong>michi</strong></span> <span class='ocrx_word' id='word_1_110' title='bbox 1312 1581 1484 1626; x_wconf 88' lang='lat' dir='ltr'><strong>optimam</strong></span> <span class='ocrx_word' id='word_1_111' title='bbox 1507 1591 1608 1615; x_wconf 87' lang='lat' dir='ltr'><strong>suam</strong></span> <span class='ocrx_word' id='word_1_112' title='bbox 1626 1591 1698 1614; x_wconf 90' lang='lat' dir='ltr'><strong>cer-</strong></span> 
     </span>
     <span class='ocr_line' id='line_1_15' title="bbox 398 1661 1698 1707; baseline 0 -12"><span class='ocrx_word' id='word_1_113' title='bbox 398 1662 554 1696; x_wconf 87' lang='lat' dir='ltr'><strong>visiam.”</strong></span> <span class='ocrx_word' id='word_1_114' title='bbox 590 1661 654 1696; x_wconf 91' lang='lat' dir='ltr'><strong>Ille</strong></span> <span class='ocrx_word' id='word_1_115' title='bbox 672 1673 767 1703; x_wconf 90' lang='lat' dir='ltr'><strong>vero,</strong></span> <span class='ocrx_word' id='word_1_116' title='bbox 778 1673 859 1696; x_wconf 91' lang='lat' dir='ltr'><strong>cum</strong></span> <span class='ocrx_word' id='word_1_117' title='bbox 876 1663 1021 1707; x_wconf 92' lang='lat' dir='ltr'><strong>reliquis</strong></span> <span class='ocrx_word' id='word_1_118' title='bbox 1039 1673 1168 1707; x_wconf 89' lang='lat' dir='ltr'><strong>aquam</strong></span> <span class='ocrx_word' id='word_1_119' title='bbox 1187 1661 1307 1697; x_wconf 87' lang='lat' dir='ltr'><strong>Sancti</strong></span> <span class='ocrx_word' id='word_1_120' title='bbox 1321 1661 1505 1697; x_wconf 86' lang='lat' dir='ltr'><strong>Columbae</strong></span> <span class='ocrx_word' id='word_1_121' title='bbox 1522 1672 1595 1696; x_wconf 92' lang='lat' dir='ltr'><strong>non</strong></span> <span class='ocrx_word' id='word_1_122' title='bbox 1612 1662 1698 1696; x_wconf 89' lang='lat' dir='ltr'><strong>reci-</strong></span> 
     </span>
     <span class='ocr_line' id='line_1_16' title="bbox 397 1742 1695 1789; baseline 0 -13"><span class='ocrx_word' id='word_1_123' title='bbox 397 1742 587 1787; x_wconf 90' lang='lat' dir='ltr'><strong>pientibus,</strong></span> <span class='ocrx_word' id='word_1_124' title='bbox 605 1743 643 1777; x_wconf 85' lang='lat' dir='ltr'><strong>in</strong></span> <span class='ocrx_word' id='word_1_125' title='bbox 660 1747 758 1788; x_wconf 88' lang='lat' dir='ltr'><strong>peste</strong></span> <span class='ocrx_word' id='word_1_126' title='bbox 775 1743 951 1784; x_wconf 91' lang='lat' dir='ltr'><strong>obierunt,</strong></span> <span class='ocrx_word' id='word_1_127' title='bbox 969 1747 1004 1777; x_wconf 92' lang='lat' dir='ltr'><strong>et</strong></span> <span class='ocrx_word' id='word_1_128' title='bbox 1022 1743 1066 1777; x_wconf 92' lang='lat' dir='ltr'><strong>ad</strong></span> <span class='ocrx_word' id='word_1_129' title='bbox 1083 1754 1272 1778; x_wconf 90' lang='lat' dir='ltr'><strong>numerum</strong></span> <span class='ocrx_word' id='word_1_130' title='bbox 1286 1743 1437 1789; x_wconf 86' lang='lat' dir='ltr'><strong>triginta</strong></span> <span class='ocrx_word' id='word_1_131' title='bbox 1453 1753 1695 1788; x_wconf 87' lang='lat' dir='ltr'><strong>personarum,</strong></span> 
     </span>
    </p>
   </div>
   <div class='ocr_carea' id='block_1_5' title="bbox 395 1823 1544 1871">
    <p class='ocr_par' dir='ltr' id='par_1_5' title="bbox 395 1823 1544 1871">
     <span class='ocr_line' id='line_1_17' title="bbox 395 1823 1544 1871; baseline 0.001 -14"><span class='ocrx_word' id='word_1_132' title='bbox 395 1824 432 1857; x_wconf 91' lang='lat' dir='ltr'><strong>in</strong></span> <span class='ocrx_word' id='word_1_133' title='bbox 449 1834 522 1858; x_wconf 94' lang='lat' dir='ltr'><strong>uno</strong></span> <span class='ocrx_word' id='word_1_134' title='bbox 539 1823 634 1858; x_wconf 86' lang='lat' dir='ltr'><strong>infra</strong></span> <span class='ocrx_word' id='word_1_135' title='bbox 650 1824 785 1859; x_wconf 90' lang='lat' dir='ltr'><strong>dictum</strong></span> <span class='ocrx_word' id='word_1_136' title='bbox 803 1824 1023 1859; x_wconf 88' lang='lat' dir='ltr'><strong>cemiterium</strong></span> <span class='ocrx_word' id='word_1_137' title='bbox 1040 1829 1283 1865; x_wconf 89' lang='lat' dir='ltr'><strong>monumento,</strong></span> <span class='ocrx_word' id='word_1_138' title='bbox 1301 1825 1430 1871; x_wconf 89' lang='lat' dir='ltr'><strong>sepulti</strong></span> <span class='ocrx_word' id='word_1_139' title='bbox 1449 1829 1544 1859; x_wconf 88' lang='lat' dir='ltr'><strong>sunt.</strong></span> 
     </span>
    </p>
   </div>
   <div class='ocr_carea' id='block_1_6' title="bbox 395 1985 1695 2191">
    <p class='ocr_par' dir='ltr' id='par_1_6' title="bbox 395 1985 1695 2191">
     <span class='ocr_line' id='line_1_18' title="bbox 445 1985 1693 2034; baseline 0.002 -14"><span class='ocrx_word' id='word_1_140' title='bbox 445 1985 678 2021; x_wconf 90' lang='lat' dir='ltr'><strong>Postmodum</strong></span> <span class='ocrx_word' id='word_1_141' title='bbox 702 1997 787 2022; x_wconf 90' lang='lat' dir='ltr'><strong>vero</strong></span> <span class='ocrx_word' id='word_1_142' title='bbox 810 1987 1023 2034; x_wconf 87' lang='lat' dir='ltr'><strong>intelligens,</strong></span> <span class='ocrx_word' id='word_1_143' title='bbox 1047 1989 1219 2033; x_wconf 91' lang='lat' dir='ltr'><strong>populum</strong></span> <span class='ocrx_word' id='word_1_144' title='bbox 1246 1989 1422 2023; x_wconf 86' lang='lat' dir='ltr'><strong>dictarum</strong></span> <span class='ocrx_word' id='word_1_145' title='bbox 1445 1988 1693 2034; x_wconf 85' lang='lat' dir='ltr'><strong>parochiarum</strong></span> 
     </span>
     <span class='ocr_line' id='line_1_19' title="bbox 395 2068 1694 2114; baseline 0.001 -12"><span class='ocrx_word' id='word_1_146' title='bbox 395 2072 550 2108; x_wconf 89' lang='lat' dir='ltr'><strong>auctum,</strong></span> <span class='ocrx_word' id='word_1_147' title='bbox 571 2073 607 2102; x_wconf 84' lang='lat' dir='ltr'><strong>et</strong></span> <span class='ocrx_word' id='word_1_148' title='bbox 624 2068 662 2102; x_wconf 90' lang='lat' dir='ltr'><strong>in</strong></span> <span class='ocrx_word' id='word_1_149' title='bbox 679 2069 920 2113; x_wconf 86' lang='lat' dir='ltr'><strong>superioribus</strong></span> <span class='ocrx_word' id='word_1_150' title='bbox 941 2069 1103 2114; x_wconf 84' lang='lat' dir='ltr'><strong>partibus</strong></span> <span class='ocrx_word' id='word_1_151' title='bbox 1121 2070 1165 2104; x_wconf 92' lang='lat' dir='ltr'><strong>de</strong></span> <span class='ocrx_word' id='word_1_152' title='bbox 1188 2068 1326 2114; x_wconf 78' lang='lat' dir='ltr'><strong>Capeth</strong></span> <span class='ocrx_word' id='word_1_153' title='bbox 1343 2069 1532 2114; x_wconf 90' lang='lat' dir='ltr'><strong>parochiae,</strong></span> <span class='ocrx_word' id='word_1_154' title='bbox 1550 2069 1694 2114; x_wconf 83' lang='lat' dir='ltr'><strong>ydioma</strong></span> 
     </span>
     <span class='ocr_line' id='line_1_20' title="bbox 395 2149 1695 2191; baseline 0.001 -8"><span class='ocrx_word' id='word_1_155' title='bbox 395 2161 470 2184; x_wconf 84' lang='lat' dir='ltr'><strong>esse</strong></span> <span class='ocrx_word' id='word_1_156' title='bbox 485 2149 743 2191; x_wconf 86' lang='lat' dir='ltr'><strong>Hibernicum;</strong></span> <span class='ocrx_word' id='word_1_157' title='bbox 762 2151 841 2185; x_wconf 88' lang='lat' dir='ltr'><strong>ideo</strong></span> <span class='ocrx_word' id='word_1_158' title='bbox 853 2151 899 2185; x_wconf 88' lang='lat' dir='ltr'><strong>ad</strong></span> <span class='ocrx_word' id='word_1_159' title='bbox 911 2150 988 2191; x_wconf 90' lang='lat' dir='ltr'><strong>hoc,</strong></span> <span class='ocrx_word' id='word_1_160' title='bbox 1002 2151 1040 2185; x_wconf 90' lang='lat' dir='ltr'><strong>in</strong></span> <span class='ocrx_word' id='word_1_161' title='bbox 1053 2151 1187 2186; x_wconf 90' lang='lat' dir='ltr'><strong>honore</strong></span> <span class='ocrx_word' id='word_1_162' title='bbox 1200 2151 1295 2186; x_wconf 84' lang='lat' dir='ltr'><strong>divae</strong></span> <span class='ocrx_word' id='word_1_163' title='bbox 1308 2150 1434 2186; x_wconf 83' lang='lat' dir='ltr'><strong>matris</strong></span> <span class='ocrx_word' id='word_1_164' title='bbox 1448 2149 1578 2191; x_wconf 88' lang='lat' dir='ltr'><strong>Annae,</strong></span> <span class='ocrx_word' id='word_1_165' title='bbox 1590 2151 1695 2185; x_wconf 91' lang='lat' dir='ltr'><strong>eccle-</strong></span> 
     </span>
    </p>
   </div>
   <div class='ocr_carea' id='block_1_7' title="bbox 394 2231 1695 2276">
    <p class='ocr_par' dir='ltr' id='par_1_7' title="bbox 394 2231 1695 2276">
     <span class='ocr_line' id='line_1_21' title="bbox 394 2231 1695 2276; baseline 0.001 -12"><span class='ocrx_word' id='word_1_166' title='bbox 394 2231 483 2265; x_wconf 90' lang='lat' dir='ltr'><strong>siam</strong></span> <span class='ocrx_word' id='word_1_167' title='bbox 504 2231 741 2276; x_wconf 86' lang='lat' dir='ltr'><strong>parochialem</strong></span> <span class='ocrx_word' id='word_1_168' title='bbox 762 2232 856 2267; x_wconf 88' lang='lat' dir='ltr'><strong>inter</strong></span> <span class='ocrx_word' id='word_1_169' title='bbox 878 2243 1024 2267; x_wconf 89' lang='lat' dir='ltr'><strong>nemora</strong></span> <span class='ocrx_word' id='word_1_170' title='bbox 1047 2233 1085 2267; x_wconf 91' lang='lat' dir='ltr'><strong>in</strong></span> <span class='ocrx_word' id='word_1_171' title='bbox 1103 2237 1200 2268; x_wconf 88' lang='lat' dir='ltr'><strong>terra</strong></span> <span class='ocrx_word' id='word_1_172' title='bbox 1223 2243 1288 2267; x_wconf 84' lang='lat' dir='ltr'><strong>sua</strong></span> <span class='ocrx_word' id='word_1_173' title='bbox 1310 2233 1542 2268; x_wconf 82' lang='lat' dir='ltr'><strong>ecclesiastica</strong></span> <span class='ocrx_word' id='word_1_174' title='bbox 1562 2233 1631 2267; x_wconf 85' lang='lat' dir='ltr'><strong>sita</strong></span> <span class='ocrx_word' id='word_1_175' title='bbox 1653 2233 1695 2266; x_wconf 90' lang='lat' dir='ltr'><strong>de</strong></span> 
     </span>
    </p>
   </div>
  </div>
 </body>
</html>
