2044 2906
407 390 448 419 44
568 388 691 419 VITAE
716 387 1052 419 EPISCOPORUM
1076 385 1506 418 DUNKELDENSIUM.

398 491 550 537 Dowaly
566 492 774 531 construxit,
791 492 939 531 dotavit,
957 495 993 525 et
1010 501 1173 525 mansum
1190 500 1256 535 pro
1272 489 1468 534 presbitero
1485 467 1692 535 assignavit,

397 574 488 607 s'icut
500 577 768 607 monumentum
780 572 929 616 desuper
941 571 1120 605 autentica
1132 570 1247 605 forma
1259 575 1479 616 conceptum,
1492 570 1536 604 ad
1549 571 1693 615 plenum

396 657 556 687 testatur.
591 652 785 686 Ecclesiam
807 651 1043 696 parochialem
1061 650 1181 685 Sancti
1207 651 1367 691 Servani,
1383 662 1466 696 quae
1488 651 1694 696 principalis

396 739 471 768 erat
496 735 590 768 illius
612 733 790 778 parochiae
811 744 890 778 quae
907 732 1130 777 Tybermure
1152 733 1293 773 dicitur,
1315 733 1530 767 restauravit
1553 737 1588 766 et
1612 743 1693 766 con-

395 815 548 856 struxit3
567 815 739 849 vicarium
756 819 967 859 perpetuum
981 814 1110 848 ibidem
1128 814 1325 854 constituit,
1342 819 1378 848 et
1394 813 1532 848 fructus
1547 814 1691 848 vicariae

394 907 547 930 unacum
559 895 663 942 gleba
675 906 719 930 ex
730 900 832 940 parte
844 895 976 929 boreali
989 905 1092 939 aquae
1105 895 1148 929 de
1160 893 1331 935 Almond,
1345 896 1564 941 assignavit3
1583 901 1690 940 prout

394 979 431 1011 in
452 978 583 1022 scripto
604 977 753 1021 desuper
774 975 868 1010 facto
889 976 1028 1020 plenius
1051 975 1225 1016 habetur3
1260 976 1404 1010 ecclesia
1426 987 1510 1010 vero
1536 978 1624 1021 ipsa,
1649 982 1690 1010 ut

392 1058 589 1103 antiquitus
606 1058 675 1092 dici
692 1058 791 1097 solet,
809 1058 846 1091 in
864 1057 1143 1091 dissuetudinem
1165 1062 1201 1091 et
1218 1058 1445 1092 solitudinem
1467 1057 1556 1092 abiit
1571 1068 1581 1098 ;
1608 1059 1693 1102 quia

392 1139 508 1173 infans
519 1139 665 1174 Domini
679 1138 846 1173 Rothven
864 1138 994 1172 ibidem
1012 1138 1185 1183 baptizari
1199 1139 1347 1179 delatus,
1361 1144 1442 1183 post
1459 1139 1689 1183 baptismum,

391 1221 428 1253 in
451 1231 543 1264 aqua
566 1220 609 1253 de
625 1218 783 1253 Almond
806 1219 984 1253 redeundo
1003 1219 1048 1253 ab
1075 1220 1219 1253 ecclesia
1241 1219 1369 1264 periit3
1391 1224 1427 1254 et
1450 1220 1528 1254 ideo
1548 1221 1690 1254 ecclesia

390 1300 502 1335 beatae
531 1300 659 1335 Mariae
685 1301 730 1334 de
751 1299 785 1334 T
786 1299 985 1344 ybermum
1011 1311 1075 1344 pro
1103 1300 1245 1334 ecclesia
1270 1299 1461 1344 parochiali
1492 1301 1602 1335 totius
1628 1312 1690 1345 pa-

390 1381 520 1415 rochiae
537 1386 636 1415 tenta
652 1380 733 1420 fuit,
756 1391 835 1426 quae
851 1381 1007 1414 creditur
1027 1379 1136 1414 fuisse
1157 1382 1352 1415 oratorium
1370 1382 1492 1426 palatii
1510 1383 1687 1426 episcopo-

391 1472 470 1495 rum
497 1461 628 1495 ibidem
652 1462 959 1501 commorantium,
985 1462 1077 1495 sicut
1100 1461 1285 1495 willielmi
1303 1463 1346 1496 de
1370 1462 1500 1497 Sancto
1523 1463 1629 1498 Claro
1653 1470 1687 1497 et

389 1539 551 1595 Galfridi.
580 1539 655 1574 Nec
667 1540 737 1574 hiis
754 1541 867 1574 auctis
885 1540 1037 1574 ecclesiis
1055 1541 1141 1574 satis
1159 1546 1356 1581 contentus,
1374 1541 1468 1576 infra
1484 1543 1686 1587 parochiam

391 1622 544 1656 ecclesiae
561 1621 771 1666 parochialis
788 1621 832 1655 de
850 1619 966 1661 Alith,
992 1621 1180 1665 episcopali
1198 1633 1330 1657 mensae
1354 1624 1556 1667 spectantis,
1574 1629 1685 1658 terras

390 1702 433 1735 de
452 1701 709 1746 Buchquhane‚
727 1701 926 1745 antiquitus
940 1713 1005 1746 pro
1022 1702 1126 1736 certis
1143 1702 1261 1736 missis
1273 1714 1336 1747 per
1352 1704 1587 1748 septimanam
1601 1707 1686 1739 cele-

389 1783 545 1823 brandis,
567 1782 604 1817 in
622 1783 755 1827 capella
778 1781 898 1816 Sancti
916 1781 1076 1822 Niniani‚
1093 1783 1188 1817 infra
1210 1785 1430 1819 cemiterium
1447 1786 1604 1830 ejusdem
1625 1799 1686 1831 pa-

390 1863 554 1897 rochialis
578 1863 732 1897 ecclesiae
753 1863 834 1903 sita,
857 1874 901 1897 ex
925 1862 1096 1898 nobilium
1118 1863 1325 1898 fundatione
1343 1866 1502 1906 donatas,
1523 1868 1684 1908 invenit;

388 1956 477 1990 quas
508 1945 661 1979 vicarius
695 1949 779 1979 ante
813 1944 955 1978 vicariae
988 1946 1210 1985 erectionem,
1240 1952 1388 1991 postque
1422 1948 1685 1991 prebendarius,

390 2027 466 2060 suis
484 2025 859 2070 applicaruntusibus,
878 2025 1085 2059 fundatione
1103 2026 1276 2072 fraudata:
1323 2027 1428 2062 Tunc
1444 2030 1558 2064 dictus
1574 2030 1683 2065 Geor-

389 2107 471 2151 gius
494 2107 653 2146 antistes,
675 2107 796 2140 volens
819 2105 1049 2141 fundatorum
1076 2108 1213 2142 ultimae
1230 2110 1406 2144 voluntati
1429 2110 1627 2151 subvenire,
1648 2118 1684 2146 et

386 2188 585 2222 animarum
611 2188 717 2222 saluti
739 2198 818 2232 quae
844 2198 974 2234 magno
999 2188 1175 2223 habentur
1197 2201 1344 2225 numero
1369 2192 1512 2232 mederi,
1537 2204 1680 2228 consen-
