1964 2894
378 373 420 404 18
541 372 665 404 VITAE
689 372 1028 406 EPISCOPORUM
1051 372 1485 406 DUNKELDENSIUM.
1518 399 1522 404 ,

373 475 719 512 Perambulationem
728 476 812 512 fecit
823 477 866 511 de
879 477 984 512 terris
999 476 1241 512 ecclesiasticis
1255 476 1298 510 de
1311 475 1438 517 Ferne,
1450 481 1486 510 et
1499 479 1674 522 optimum

371 569 573 603 processum
595 558 722 593 habuit
747 563 871 593 contra
895 559 1074 603 quendam
1091 557 1294 592 Walterum
1320 557 1475 592 Stewart
1501 558 1677 593 archidia-

370 650 499 674 conum
512 639 632 673 Sancti
645 638 813 679 Andreae‚
827 643 999 674 rectorem
1011 639 1056 674 de
1068 638 1176 679 Creif,
1190 650 1256 684 pro
1270 640 1439 684 pensione
1452 640 1572 674 decem
1584 648 1677 674 mer-

371 731 504 761 carum,
527 721 573 755 ad
593 721 814 755 communias
836 721 1109 761 canonicorum3
1133 731 1217 766 quae
1240 720 1356 755 adhuc
1373 722 1469 766 apud
1492 722 1675 756 ecclesiam

371 803 537 848 perhibet
553 802 810 842 testimonium,
823 806 859 836 et
872 812 954 836 eum
967 806 1122 836 testatur
1133 801 1244 836 fuisse
1257 802 1401 837 doctum
1415 806 1451 837 et
1467 803 1674 847 practicum.

373 884 575 920 Honoravit
592 884 732 918 beatam
746 884 922 929 virginem
940 883 1036 928 apud
1053 884 1165 917 altare
1182 894 1288 918 suum
1306 884 1344 918 in
1361 884 1507 918 ecclesia
1516 884 1676 918 Dunkel-

371 967 482 1005 densi,
507 970 544 999 et
568 964 761 999 fenestram
789 964 887 999 illius
912 964 1035 999 altaris
1062 965 1157 999 vitro
1183 969 1219 998 et
1245 966 1355 999 armis
1383 965 1458 999 suis
1484 966 1674 1000 decoravit.

372 1048 508 1083 Multos
521 1058 658 1082 annuos
671 1047 842 1087 redditus,
856 1046 1057 1092 praesertim
1070 1046 1109 1081 in
1122 1046 1238 1092 burgo
1248 1047 1292 1081 de
1306 1035 1432 1091 Clbny,
1444 1048 1675 1092 comparavit,

372 1135 407 1164 et
424 1131 468 1164 de
484 1130 555 1164 illis
575 1130 686 1163 altare
703 1129 792 1163 illud
809 1128 970 1169 dotavit3
999 1128 1142 1174 maj0ra
1158 1127 1319 1162 facturus
1341 1128 1372 1162 si
1399 1129 1676 1173 supervixisset:

372 1212 445 1252 Qui
467 1216 608 1246 naturae
626 1211 786 1245 debitum
803 1211 955 1250 solvens,
979 1210 1018 1244 in
1036 1210 1157 1244 eodem
1180 1210 1307 1244 itinere
1330 1214 1493 1244 mortuus
1516 1214 1579 1243 est.
1607 1209 1676 1243 Sed

373 1294 528 1333 interim,
539 1292 681 1327 favente
696 1292 806 1339 Rege,
823 1296 860 1327 et
876 1292 982 1326 dictae
996 1291 1159 1326 electioni
1175 1290 1330 1326 Donaldi
1343 1292 1465 1326 decani
1477 1291 1674 1330 resistente,

371 1374 516 1421 eligitur

421 1586 691 1621 ILLUSTRIS
707 1586 730 1620 J
732 1586 933 1622 ACOBUS
952 1586 1112 1633 Kenedy,
1126 1598 1234 1632 nepos
1249 1587 1359 1634 Regis
1373 1598 1417 1622 ex
1430 1599 1559 1622 sorore.
1583 1589 1676 1623 Con-

373 1669 534 1703 firmatus
558 1670 658 1703 stetit
681 1670 865 1714 episcopus
888 1670 934 1703 ad
950 1670 1039 1704 duos
1060 1680 1183 1710 annos,
1201 1675 1236 1703 et
1254 1670 1381 1705 dehinc
1405 1672 1598 1704 translatus
1622 1677 1675 1705 est

373 1751 418 1784 ad
438 1750 610 1784 Sanctum
627 1749 835 1790 Andream3
862 1751 905 1784 de
923 1751 1025 1796 cujus
1048 1750 1244 1797 magnificis
1266 1752 1387 1796 gestis,
1409 1751 1471 1785 ubi
1489 1752 1610 1797 agitur
1632 1753 1675 1786 de

373 1833 546 1877 episcopis
565 1832 685 1867 Sancti
703 1832 871 1872 Andreae,
894 1832 1052 1872 dicetur3
1079 1837 1161 1877 post
1184 1833 1285 1879 cujus
1309 1834 1588 1873 translationem,
1613 1845 1675 1877 per

375 1913 672 1959 supplicationem
690 1915 826 1960 regiam
850 1925 893 1947 ex
916 1914 1118 1959 provisione
1136 1915 1227 1948 sedis
1246 1915 1459 1959 apostolicae,
1476 1915 1676 1959 spectabilis

373 2001 408 2030 et
425 1997 585 2031 omnium
602 2007 743 2031 morum
760 1996 945 2031 honestate
963 1997 1173 2041 conspicuus
