2106 2894
674 394 843 427 PONTIS
865 392 1235 426 DUNKELDENSIS.
1538 397 1556 429 1
1563 397 1580 428 1
1588 397 1606 428 1

309 510 468 540 mentum
493 505 652 550 lapidum
679 505 852 541 sectorum
878 507 949 541 duo
974 503 1012 552 ly
1032 502 1220 551 Ryddz‘llis
1246 505 1364 550 precio
1393 504 1456 549 viij
1475 501 1509 537 d.
1562 502 1613 537 Et

309 588 422 621 eidem
445 588 483 622 in
506 588 723 632 empcionem
749 592 904 633 quatuor
929 589 1095 622 cellarum
1123 589 1323 634 lignearum
1350 587 1395 621 ad
1416 586 1569 620 verudos
1592 596 1613 619 a

310 669 511 715 M‘carmyk
528 670 591 716 viij
610 668 645 705 d.
671 670 723 705 Et
740 671 854 705 eidem
871 682 935 715 per
951 671 1170 715 empcionem
1188 675 1267 704 octo
1284 669 1457 704 librarum
1476 668 1549 702 cebi
1570 667 1614 702 ab

310 750 475 797 Eugenio
493 752 586 786 Coeo
602 753 648 786 ad
665 752 929 798 mitigacionem
946 752 1138 786 umborum
1155 756 1316 786 rotarum
1333 751 1529 785 calidorum
1553 760 1617 793 per

308 838 448 878 tempus
465 834 619 878 compoti
637 834 662 879 ij
678 836 704 868 ἕ.
730 832 783 867 Et
796 834 968 868 allocatur
982 833 1095 867 eidem
1109 844 1173 878 per
1186 833 1405 878 empcionem
1422 829 1471 865 lie
1486 829 1628 877 Drapf

308 916 346 950 in
363 914 471 950 estate
489 917 573 950 anni
591 917 744 961 compoti
768 914 913 951 diverfis
931 916 1069 950 vicibus
1096 916 1134 950 ix
1151 918 1177 949 ἕ.
1196 915 1259 961 viij
1279 912 1313 949 d.
1366 913 1419 948 Et
1443 915 1617 947 allocatur

310 997 423 1031 eidem
439 1009 503 1042 per
525 998 774 1032 liberacionem
797 998 927 1032 factam
947 996 1091 1032 Andree
1109 997 1255 1043 Smytht
1278 996 1381 1031 fabro
1404 996 1538 1041 capien.
1556 1006 1620 1040 per

312 1090 445 1113 annum
459 1080 570 1114 decim
590 1091 723 1114 mercas
742 1081 779 1114 in
789 1078 842 1114 sui
855 1081 1050 1114 mercedem
1069 1080 1201 1114 laboris
1212 1079 1302 1114 citra
1319 1079 1567 1113 allocacionem
1582 1078 1620 1111 in

315 1162 443 1196 ultimo
454 1166 617 1206 compoto
628 1162 863 1206 compotantis
877 1166 913 1196 et
926 1162 1016 1196 citra
1028 1173 1155 1196 novem
1171 1159 1298 1196 solidos
1312 1172 1375 1206 per
1385 1160 1620 1206 grauiterium

314 1243 370 1277 Ac
375 1244 506 1289 viginti
514 1248 585 1278 tres
590 1243 717 1278 solidos
728 1255 792 1288 per
802 1243 1039 1278 Willielmum
1046 1244 1256 1278 Wichtman
1263 1244 1406 1278 nomine
1412 1243 1559 1277 Domini
1566 1219 1617 1288 {fij

312 1324 348 1359 li.
360 1326 412 1371 iiij
429 1328 455 1360 ἔ.
470 1326 532 1372 viij
547 1324 581 1360 d.
608 1325 659 1360 Et
672 1337 735 1370 per
748 1326 995 1361 liberacionem
1005 1326 1136 1360 factam
1149 1324 1282 1360 Alister
1293 1325 1439 1371 Smytht
1453 1326 1490 1358 in
1502 1324 1620 1358 labore

315 1408 465 1453 triginta
481 1408 640 1452 quinque
658 1405 706 1442 lie
718 1405 852 1454 Zumpis
867 1408 953 1443 ferri
971 1408 1009 1442 in
1026 1407 1122 1442 ferra
1135 1419 1306 1453 equorum
1321 1412 1357 1442 et
1369 1411 1530 1442 rotarum
1573 1405 1623 1440 Et

316 1490 412 1523 mille
423 1489 653 1524 tricentorum
673 1491 856 1525 clauorum
874 1491 919 1524 ad
939 1488 976 1536 ly
990 1489 1152 1524 centreis
1166 1490 1266 1524 vario
1278 1490 1396 1534 precio
1409 1485 1625 1523 confiderata

316 1568 546 1616 groffitudine
576 1573 691 1617 operis
720 1577 755 1607 et
783 1573 892 1607 clauis
919 1578 978 1607 *ze*
997 1572 1109 1618 xxviij
1135 1575 1160 1606 ἔ.
1212 1571 1263 1606 Et
1290 1572 1403 1606 eidem
1426 1568 1559 1604 Alister
1587 1570 1623 1602 in

317 1652 569 1688 reformacione
586 1654 763 1689 ferrorum
782 1655 1021 1689 lathomorum
1040 1659 1076 1688 et
1093 1655 1243 1688 aliorum
1262 1651 1529 1688 necessariorum
1544 1662 1625 1696 ope—

318 1735 366 1769 ris
390 1735 528 1770 fabrilis
552 1738 671 1781 pontis
698 1749 720 1771 a
743 1738 880 1772 decimo
905 1738 1034 1782 quinto
1061 1738 1118 1771 die
1143 1735 1270 1771 menfis
1295 1734 1385 1770 Julii
1408 1735 1493 1770 anni
1512 1739 1571 1769 ‘²1:0⁹
1590 1736 1624 1767 vc

320 1815 416 1863 xiiij‘j
440 1819 479 1852 in
507 1819 601 1852 diem
628 1818 798 1864 presentis
821 1820 976 1865 compoti
996 1820 1061 1854 xix
1087 1822 1112 1853 's‘-
1140 1820 1190 1865 vij
1218 1816 1253 1853 d.
1276 1818 1383 1852 Dicto
1410 1818 1466 1852 die
1492 1818 1626 1851 decimo

321 1901 447 1946 quinto
472 1899 561 1935 Julii
587 1901 847 1936 exonerabatur
872 1901 1035 1936 Andreas
1057 1900 1204 1946 Smytht
1259 1899 1310 1935 Et
1327 1901 1498 1935 allocatur
1515 1899 1626 1933 eidem

322 1981 553 2017 servitoribus
585 1983 811 2028 portantibus
841 1983 962 2018 fenum
994 1987 1155 2029 emptum
1185 1994 1279 2017 anno
1311 1987 1371 2016 '³⁶0⁴
1400 1984 1435 2015 v‘
1460 1958 1558 2027 xirj¹⁵⁰
1585 1983 1629 2016 ad

327 2064 472 2098 veredos
498 2065 543 2099 ab
568 2065 677 2111 Obuy
696 2067 742 2100 ad
760 2066 995 2100 Dounkelden
1014 2066 1039 2112 ij
1059 2069 1085 2100 ἕ.
1103 2066 1140 2111 vj
1159 2063 1194 2099 d.
1255 2064 1307 2099 Et
1328 2065 1500 2098 allocatur
1516 2064 1630 2097 eidem

327 2155 390 2189 per
415 2145 662 2181 liberacionem
685 2147 816 2182 factam
841 2147 1048 2182 Alexandro
1070 2147 1223 2193 Murray
1243 2147 1402 2181 lathomo
1423 2146 1462 2179 in
1488 2144 1631 2179 feodum

327 2224 427 2260 suum
446 2227 489 2261 de
506 2229 655 2272 pecunia
677 2230 766 2264 citra
782 2230 866 2264 vict.
884 2242 906 2264 a
928 2230 1082 2264 termino
1105 2228 1225 2264 Sancti
1249 2228 1397 2262 Mertini
1421 2227 1505 2261 anni
1524 2231 1583 2261 'ze‘
1598 2229 1633 2260 v‘
