2106 2894
716 378 886 411 PONTIS
908 377 1278 411 DUNKELDENSIS.
1609 381 1655 417 93

341 491 504 525 denarios
528 495 564 525 et
589 502 630 525 eo
652 490 812 536 presente
837 496 916 526 octo
941 491 1104 525 denarios
1128 501 1210 525 cum
1234 489 1385 535 prandio
1408 488 1594 523 extenden.
1612 489 1650 522 in

340 574 492 617 pecunia
515 574 559 607 ad
583 573 622 619 iij
642 574 680 608 li.
698 574 761 621 viij
781 577 806 608 ἔ.
858 574 910 608 Et
931 575 1103 608 allocatur
1124 573 1238 607 eidem
1261 573 1334 607 dat.
1355 571 1467 605 eidem
1495 569 1653 605 Johanni

340 655 385 689 ab
406 656 533 690 ultimo
557 655 582 690 J
583 656 661 690 unii
685 656 723 690 in
741 657 917 690 decimum
933 654 1073 690 sextum
1090 653 1247 701 Augusti
1271 655 1310 688 in
1327 665 1421 688 anno
1437 653 1573 688 domini
1591 658 1651 687 'ic‘

339 738 375 769 v⁰
391 737 528 772 decimo
553 739 663 772 tercio
683 738 816 782 capien.
839 748 903 782 per
925 738 1019 771 diem
1043 735 1192 771 sedecim
1210 736 1374 770 denarios
1391 739 1428 769 et
1445 746 1650 780 componen.

339 829 449 853 vnum
473 831 539 864 par
555 824 718 854 rotarum
736 830 777 853 ac
794 820 910 853 dolan.
928 830 994 864 pro
1011 818 1174 863 pluribus
1192 818 1291 864 ligna
1308 818 1407 862 operi
1429 821 1513 861 apta
1529 818 1604 863 xlvj
1625 820 1650 850 ἔ,

338 900 389 935 Et
406 902 579 936 allocatur
596 902 709 935 eidem
727 913 792 946 per
808 901 1059 936 liberacionem
1076 900 1207 934 factam
1226 899 1251 933 J
1252 899 1386 955 ohanni
1403 898 1558 944 Scharpe
1576 910 1651 947 cai·-

338 984 499 1027 pentario
517 983 675 1017 laboran.
694 995 775 1017 cum
795 983 937 1018 Thoma
954 983 1111 1028 Wrycht
1128 994 1150 1016 a
1166 979 1335 1028 vigefimo
1351 987 1480 1027 quarto
1493 979 1649 1027 Augusti

339 1076 432 1098 anno
447 1069 506 1098 *tc*
522 1066 556 1098 vc
572 1065 661 1110 xij¹¹¹⁰
674 1065 712 1098 in
726 1076 800 1099 xxv
814 1065 1033 1110 Septembris
1052 1063 1208 1111 ejusdem
1225 1064 1310 1098 anni
1329 1061 1498 1098 inclufive
1515 1064 1649 1108 capien.

339 1148 382 1180 de
404 1147 461 1180 die
485 1152 564 1180 octo
587 1147 750 1181 denarios
774 1151 810 1182 et
833 1148 1016 1182 extenden.
1036 1147 1083 1181 ad
1100 1147 1231 1193 viginti
1248 1150 1403 1191 quatuor
1419 1146 1493 1180 dies
1511 1145 1650 1179 mecha-

337 1229 434 1262 nicas
451 1229 490 1262 in
507 1229 656 1272 pecunia
676 1229 738 1274 xvj
758 1231 784 1262 ἔ.
835 1228 888 1263 Et
904 1230 1077 1263 allocatur
1094 1229 1209 1263 eidem
1226 1240 1289 1274 per
1306 1228 1524 1273 empcionem
1542 1228 1649 1262 unius

337 1311 441 1345 corde
458 1310 635 1345 continen.
653 1311 692 1345 in
709 1311 864 1356 pondere
882 1318 1025 1346 centum
1043 1311 1174 1358 viginti
1190 1321 1319 1345 novem
1336 1310 1446 1345 libras
1463 1311 1647 1345 extenden.

336 1394 374 1427 in
392 1393 541 1438 pecunia
557 1391 669 1438 groffe
687 1397 827 1428 monete
844 1394 890 1428 ad
907 1394 1093 1428 duodecim
1110 1392 1238 1428 solidos
1255 1398 1291 1428 et
1307 1393 1473 1428 undecim
1487 1393 1649 1427 denarios

337 1474 461 1509 facien.
475 1475 512 1510 in
532 1479 675 1510 moneta
691 1476 795 1522 regni
813 1475 929 1511 Scotie
945 1477 1009 1522 xlij
1030 1479 1055 1510 ἔ.
1107 1476 1159 1511 Et
1176 1477 1348 1511 allocatur
1365 1476 1479 1510 eidem
1496 1476 1535 1509 in
1553 1486 1649 1520 emp-

338 1557 473 1591 cionem
499 1557 658 1602 quinque
676 1558 876 1592 celdrarum
893 1559 1005 1592 trium
1022 1558 1198 1593 bollarum
1216 1563 1252 1593 et
1268 1559 1422 1592 duorum
1446 1558 1647 1592 modiorum

338 1639 532 1673 carbonum
549 1639 733 1674 fabrilium
750 1651 831 1675 cum
849 1642 957 1675 naulo
975 1639 1137 1675 custuma
1157 1645 1193 1675 et
1218 1638 1266 1675 lie
1289 1638 1437 1685 uncqstis
1461 1640 1646 1674 extenden.

337 1722 382 1756 ad
396 1722 459 1767 viij
475 1722 512 1755 li.
523 1722 574 1768 xij
590 1725 615 1756 ἔ.
627 1734 652 1756 x
664 1720 699 1756 d.
726 1722 779 1757 Et
791 1724 965 1757 allocatur
978 1723 1093 1758 eidem
1106 1735 1170 1769 per
1183 1724 1403 1769 empcionem
1417 1723 1530 1756 decim
1542 1723 1647 1756 cadu-

336 1805 453 1838 lorum
470 1814 536 1848 pro
553 1802 724 1850 gestando
742 1809 901 1839 cemento
918 1805 1086 1839 lathomis
1100 1805 1136 1851 vj
1151 1808 1178 1840 ἔ.
1190 1805 1206 1851 j
1222 1779 1266 1839 ds
1283 1804 1335 1839 Et
1347 1806 1520 1839 allocatur
1533 1805 1646 1839 eidem

336 1889 374 1922 in
391 1885 439 1922 lie
455 1886 620 1935 cariagis
637 1888 831 1923 carbonum
848 1901 912 1934 per
925 1894 1067 1935 tempus
1085 1891 1240 1935 compoti
1257 1889 1414 1924 Domino
1432 1888 1573 1924 absente
1591 1868 1643 1935 iiij

337 1972 362 2003 ἔ.
374 1970 409 2016 vj
422 1968 457 2004 d.
492 1969 544 2005 Et
557 1971 730 2005 allocatur
740 1972 854 2006 eidem
867 1983 931 2017 per
941 1971 1153 2007 solucionem
1164 1972 1296 2007 factam
1308 1970 1543 2007 servientibus
1554 1973 1646 2006 circa

337 2048 384 2084 lie
397 2048 561 2086 hulwark
578 2056 613 2087 et
629 2049 726 2098 Croy
742 2064 808 2098 pro
825 2054 1028 2088 municione
1045 2055 1236 2088 earundem
1255 2053 1379 2100 iij¹¹vij
1400 2054 1436 2087 li.
1455 2053 1528 2099 xvij
1548 2055 1574 2087 ἔ.
1587 2031 1640 2098 {fij

337 2130 371 2166 d.
423 2132 475 2167 Et
497 2135 668 2169 allocatur
690 2135 805 2170 eidem
827 2147 892 2181 per
912 2136 1161 2170 liberacionem
1179 2136 1311 2171 factam
1327 2134 1427 2170 servo
1444 2133 1641 2169 Alexandri

339 2214 540 2249 M⁰Dowa1e
558 2218 771 2262 carpentarii
789 2218 834 2252 ad
850 2217 981 2263 septem
1001 2217 1214 2264 septimanas
1232 2229 1313 2252 cum
1331 2215 1506 2264 Magistro
1521 2216 1584 2252 suo
1601 2223 1642 2254 ut

983 2308 1012 2333 N
