2106 2894
427 353 499 387 100
703 349 973 384 COMPOTUM
993 350 1226 383 MAGISTRI
1248 349 1451 384 FABRICE

427 462 525 497 ordei
542 466 579 497 et
594 462 728 497 fan-ine
750 473 772 497 a
796 460 886 497 festo
910 461 1033 497 Sancti
1050 462 1200 497 Mertini
1223 462 1262 496 in
1283 463 1413 509 hyeme
1435 462 1522 497 anni
1540 466 1600 496 'tc‘
1618 462 1654 495 νε
1665 458 1735 507 xj¹¹¹¹

425 545 465 580 in
480 545 575 580 idem
591 543 721 579 festum
740 543 862 579 Sancti
880 544 1030 579 Mertini
1043 545 1129 579 anni
1147 549 1207 579 'tc‘
1225 546 1262 579 vc
1277 545 1343 591 xiij
1372 546 1559 580 extenden.
1578 545 1624 579 ad
1646 544 1736 579 duos

424 638 537 662 annos
565 627 719 672 demptis
744 625 948 673 hujusmodi
971 627 1185 666 victualibus
1207 627 1292 674 quia
1317 628 1516 662 allocantur
1540 627 1737 674 graniterio

423 711 462 744 in
483 710 698 745 victualibus
724 710 843 756 precio
866 708 1056 756 cujussibet
1081 711 1174 745 bolle
1199 711 1355 746 dimedia
1370 714 1495 746 'merce
1521 711 1559 745 in
1585 710 1735 755 pecunia

423 793 549 839 xxxvij
569 793 606 827 li.
624 793 659 839 vj
680 795 706 827 ἔ.
724 793 787 839 viij
808 791 842 827 d.
893 792 946 828 Et
969 794 1142 828 allocatur
1171 794 1286 828 eidem
1304 804 1368 838 per
1390 793 1641 828 liberacionem
1663 792 1736 827 fac-

422 879 496 909 tam
510 873 657 909 Andree
670 874 859 921 Marlyone
871 875 1032 910 lathomo
1049 886 1131 910 cum
1148 874 1211 911 suo
1228 874 1329 911 servo
1345 887 1409 921 per
1426 887 1561 910 annum
1580 875 1733 920 demptis

422 957 601 1003 aliquibus
623 957 748 992 diebus
773 967 840 1002 pro
856 957 988 1003 quibus
1014 931 1195 1004 obligatur
1213 958 1364 992 totidem
1390 958 1512 992 labore
1529 958 1621 992 citra
1642 958 1733 991 duas

421 1040 532 1075 bollas
550 1039 684 1074 farrine
704 1037 769 1074 fibi
788 1040 890 1075 datas
916 1041 1006 1075 citra
1030 1040 1176 1075 feodum
1201 1041 1290 1087 xviij
1309 1041 1347 1075 li.
1364 1051 1389 1075 v
1405 1043 1432 1074 ἔ.
1483 1038 1535 1074 Et
1560 1041 1734 1074 allocatur

419 1124 533 1158 eidem
550 1134 614 1167 per
627 1122 878 1157 liberacionem
888 1122 1020 1158 factam
1034 1122 1059 1157 J
1060 1122 1194 1158 ohanni
1203 1121 1349 1157 Andree
1362 1123 1523 1158 lathomo
1540 1126 1734 1169 antequam

417 1292 548 1322 extunc
562 1299 583 1322 a
595 1286 683 1322 festo
701 1288 875 1323 Omnium
893 1287 1105 1323 Sanctorum
1122 1289 1207 1323 anni
1222 1293 1281 1323 ”tc
1295 1290 1331 1322 v
1341 1286 1435 1334 xjmJ'
1426 1300 1464 1323 m
1482 1289 1577 1322 idem
1590 1286 1721 1322 festum

416 1381 510 1404 anno
527 1371 690 1405 revoluto
700 1371 739 1405 in
755 1371 952 1405 mercedem
964 1371 1096 1406 laboris
1107 1382 1132 1405 x
1141 1371 1178 1406 li.
1205 1370 1257 1405 Et
1274 1372 1388 1405 eidem
1405 1382 1472 1416 pro
1485 1382 1579 1405 anno
1589 1371 1731 1417 integro

416 1463 510 1487 anno
527 1457 659 1488 extunc
675 1454 880 1488 immediate
897 1452 1036 1499 sequen.
1054 1454 1263 1499 complendo
1276 1454 1314 1488 in
1327 1451 1416 1488 festo
1434 1453 1555 1488 Sancti
1570 1452 1720 1488 Mertini

415 1536 500 1570 anni
519 1541 578 1571 ze*
597 1538 632 1570 vc
648 1537 712 1583 xiij
731 1537 782 1583 xij
802 1537 839 1571 li.
891 1536 944 1571 Et
963 1537 1137 1572 allocatur
1162 1537 1275 1572 eidem
1301 1548 1365 1581 per
1382 1537 1631 1571 liberacionem
1650 1536 1722 1570 fac-

415 1623 490 1653 tam
502 1617 526 1652 J
528 1619 636 1653 acobo
653 1617 796 1664 Aysone
813 1616 861 1653 lie
874 1617 1038 1667 prenteis
1055 1620 1093 1654 in
1110 1620 1238 1665 pannis
1257 1619 1361 1654 feodo
1379 1624 1415 1654 et
1432 1620 1511 1654 aliis
1529 1617 1727 1653 necessariis

415 1711 457 1735 ac
480 1711 547 1746 pro
569 1711 693 1735 eorum
715 1699 948 1737 instructione
970 1702 1008 1736 in
1029 1706 1106 1737 arte
1128 1714 1151 1737 a
1173 1703 1310 1737 decimo
1333 1706 1459 1737 octavo
1481 1700 1608 1736 menfis
1636 1701 1725 1747 Maij

416 1783 501 1817 anni
519 1787 579 1817 qbc
599 1794 622 1817 v
624 1784 825 1818 cundecimi
842 1784 881 1818 in
894 1783 1046 1819 Annum
1055 1784 1204 1819 Domini
1218 1790 1278 1819 ”tc
1292 1787 1328 1819 vc
1344 1785 1409 1830 xiij
1430 1789 1466 1819 et
1482 1783 1612 1819 festum
1631 1784 1728 1818 Mer-

415 1866 482 1901 tini
505 1867 544 1900 in
560 1866 687 1911 hyeme
705 1865 860 1912 ejusdem
879 1868 964 1901 anni
982 1867 1116 1911 capien.
1142 1878 1206 1911 per
1223 1878 1357 1901 annum
1377 1867 1421 1901 ad
1419 1878 1577 1941 orpannos
1595 1867 1725 1912 viginti

414 1947 566 1983 solidos
555 1960 593 1983 m
611 1949 696 1983 totis
714 1946 874 1994 expensis
890 1958 955 1993 per
972 1949 1108 1983 dictum
1125 1952 1266 1994 tempus
1284 1949 1322 1995 iij
1342 1949 1380 1983 li.
1399 1949 1450 1995 iiij
1471 1961 1498 1983 s.
1515 1949 1567 1995 iiij
1587 1946 1621 1983 d.
1674 1947 1725 1982 Et

414 2032 587 2066 allocatur
614 2031 727 2066 eidem
756 2042 820 2076 per
846 2031 1096 2066 liberacionem
1119 2031 1251 2066 factam
1276 2030 1435 2065 Johanni
1461 2030 1592 2076 Diykis
1618 2032 1721 2066 alteri

414 2111 462 2148 lie
472 2112 645 2160 prenteie
661 2114 817 2159 capienti
839 2114 877 2149 in
895 2125 989 2149 anno
1006 2118 1049 2149 ut
1065 2112 1235 2160 Aysoune
1253 2114 1343 2149 citra
1359 2114 1514 2148 firlotam
1531 2113 1664 2149 ferrine
1686 2115 1725 2149 in

413 2196 515 2232 feodo
531 2195 594 2232 suo
613 2208 635 2232 a
654 2197 781 2242 quinto
797 2195 957 2244 Augusti
975 2197 1060 2232 anni
1080 2202 1140 2232 ‘tc‘
1155 2199 1190 2232 vc
1208 2197 1246 2243 xj
1266 2197 1303 2232 in
1321 2197 1416 2232 diem
1434 2196 1555 2232 Sancti
1575 2196 1721 2232 Mertini
