2106 2894
693 388 863 421 PONTIS
885 388 1256 421 DUNKELDENSIS.
1562 392 1633 428 127

327 511 347 532 a
373 497 460 533 filva
484 479 536 545 iiij
556 497 590 534 d.
642 499 694 534 Et
719 501 892 534 allocatur
917 500 1030 534 eidem
1053 511 1117 544 per
1140 499 1388 533 liberacionem
1411 497 1542 532 factam
1566 508 1631 541 pro

326 581 542 616 confectione
559 582 717 627 quinque
734 579 782 615 lie
785 580 918 628 stupis
935 582 981 616 ad
998 582 1191 627 querellam
1208 592 1258 615 xv
1275 579 1309 615 d.
1357 580 1409 615 Et
1426 581 1463 614 in
1481 579 1633 624 empcio-

326 675 407 698 nem
433 665 541 699 unius
566 664 659 699 sacce
684 676 750 709 pro
775 665 919 700 verudis
944 663 1124 698 servandis
1147 664 1185 697 in
1209 663 1330 697 avenis
1354 663 1380 708 ij
1400 665 1426 697 ‘st
1450 662 1632 696 deliberat.

324 746 428 780 dictis
446 747 580 793 aurigis
600 758 665 791 pro
683 758 756 791 qua
772 746 1035 791 respondebunt
1075 745 1127 779 Et
1140 747 1312 782 allocatur
1325 745 1439 779 eidem
1452 756 1515 790 per
1527 745 1633 779 liber-

322 828 479 862 acionem
498 828 629 863 factam
646 840 712 873 pro
731 829 891 862 ducentis
913 828 1043 873 viginti
1064 831 1221 872 quatuor
1243 827 1411 861 oneribus
1433 824 1481 860 lie
1492 825 1632 871 ¹slcaz’l3e

321 921 383 953 per
409 914 550 955 tempus
577 912 731 956 compoti
756 911 874 955 precio
900 908 1088 956 cujussibet
1113 910 1229 944 oneris
1252 910 1418 944 denarius
1446 910 1630 944 extenden.

321 993 359 1025 in
385 993 534 1036 pecunia
560 993 605 1026 ad
631 993 719 1037 xviij
740 995 765 1026 ἔ.
784 993 847 1038 viij
867 990 900 1026 d.
952 991 1004 1026 Et
1030 992 1203 1026 allocatur
1226 992 1339 1025 eidem
1363 1003 1428 1036 per
1450 992 1632 1026 liberacio-

321 1086 402 1107 nem
437 1074 567 1109 factam
603 1076 707 1109 certis
742 1073 973 1108 servitoribus
1007 1074 1234 1119 portantibus
1265 1085 1396 1108 avenas
1426 1086 1447 1108 a
1477 1074 1631 1119 Capetht

322 1154 467 1190 diverfis
489 1157 625 1191 vicibus
650 1157 822 1201 pabulum
840 1168 862 1190 a
879 1157 1001 1201 Fordy
1018 1154 1158 1189 WVester
1175 1155 1313 1200 Capeth
1335 1155 1488 1190 Stewart
1505 1157 1629 1202 aurige

321 1238 476 1271 venienti
489 1238 532 1271 ad
546 1238 725 1272 Tullelum
738 1250 804 1282 pro
817 1238 927 1283 bigha
943 1242 978 1271 et
996 1238 1075 1271 aliis
1087 1238 1242 1283 negociis
1256 1238 1305 1284 vij
1321 1241 1346 1272 ἔ.
1366 1239 1401 1284 vj
1417 1236 1451 1272 d.
1477 1238 1528 1273 Et
1546 1240 1630 1273 allo-

319 1323 421 1352 catur
431 1319 544 1353 eidem
556 1330 619 1364 per
629 1319 878 1353 liberacionem
891 1320 1020 1354 factam
1034 1319 1192 1354 Roberto
1206 1319 1386 1364 Merl3one
1396 1331 1462 1365 pro
1473 1321 1629 1355 emendis

321 1401 442 1434 tunica
459 1405 494 1434 et
512 1398 659 1434 camefia
676 1400 738 1435 suo
755 1400 891 1435 famulo
908 1400 1026 1435 Alano
1043 1402 1139 1435 ultra
1157 1401 1300 1435 feodum
1320 1402 1369 1448 vij
1390 1404 1415 1435 ἓ.
1433 1380 1485 1447 isi‘j
1501 1399 1535 1435 d.
1578 1400 1628 1435 Et

320 1481 459 1516 Thome
484 1482 607 1516 Sawar
630 1481 730 1516 servo
753 1482 899 1516 Domini
918 1483 1075 1517 defuncti
1094 1487 1129 1517 et
1146 1494 1241 1517 nunc
1259 1484 1381 1529 aurige
1398 1495 1463 1528 pro
1481 1484 1629 1517 emenda

322 1564 443 1597 tunica
462 1565 497 1609 vj
518 1566 544 1598 ἔ.
563 1565 625 1610 viij
644 1562 678 1598 d.
730 1563 782 1598 Et
804 1565 976 1598 allocatur
1000 1565 1111 1598 eidem
1137 1576 1200 1609 per
1223 1565 1473 1599 liberacionem
1496 1565 1627 1599 factam

318 1647 423 1680 certis
448 1646 674 1692 garcionibus
701 1646 1000 1692 congregantibus
1025 1647 1144 1692 virgas
1168 1658 1234 1691 pro
1257 1647 1371 1681 corbis
1397 1652 1432 1681 et
1457 1645 1627 1681 bar-roais

318 1728 542 1761 conficiendis
560 1728 598 1772 iij
619 1730 644 1761 ἔ.
663 1706 714 1773 isi}
734 1725 767 1761 d.
819 1727 871 1761 Et
888 1729 1060 1762 allocatur
1078 1728 1191 1762 eidem
1209 1739 1273 1772 per
1289 1728 1538 1762 liberacionem
1555 1727 1627 1762 fac-

317 1814 390 1843 tam
418 1808 573 1855 Georgio
598 1809 739 1854 Bernys
766 1814 803 1844 et
828 1810 907 1844 aliis
933 1809 1048 1843 secum
1073 1811 1255 1844 conductis
1278 1821 1344 1855 pro
1370 1808 1626 1845 constructione

315 1889 398 1925 fofl‘e
416 1892 535 1925 warde
553 1892 769 1925 verudorum
788 1892 883 1936 apud
904 1896 1048 1936 pratum
1069 1891 1260 1938 Drumboy
1282 1892 1332 1938 xlj
1352 1894 1378 1928 ἔ.
1430 1892 1481 1926 Et
1498 1893 1536 1926 in
1553 1893 1626 1927 feo-

316 1974 401 2008 dum
419 1975 655 2018 compotantis
673 1971 891 2008 confiderato
909 1974 986 2019 ejus
1004 1974 1125 2009 labore
1142 1975 1181 2008 in
1198 1975 1346 2020 pecunie
1368 1975 1567 2020 receptione
1587 1979 1622 2009 et

317 2057 354 2089 in
372 2067 562 2100 parvarum
581 2055 800 2091 summarum
819 2054 1067 2091 distributione
1081 2058 1249 2092 continua
1261 2058 1353 2092 circa
1369 2057 1567 2091 laborantes
1585 2057 1622 2090 in

317 2148 421 2182 opere
439 2149 542 2172 arcus
560 2149 639 2172 cum
658 2138 772 2173 fundo
789 2139 853 2183 pili
872 2139 910 2172 in
928 2149 1021 2183 aqua
1037 2136 1106 2172 xx‘¹
1123 2139 1160 2173 li.

1220 2197 1244 2211 οι·
1257 2193 1274 2211 C
1308 2197 1333 2211 m·
1351 2192 1390 2211 XX

414 2217 562 2252 Summa
589 2219 748 2253 omnium
775 2218 1009 2264 expensarum
1033 2218 1187 2265 Argenti
1209 2230 1260 2264 111J
1293 2230 1344 2265 ¹¹¹]
1413 2219 1475 2265 xvj
1495 2219 1531 2253 li.
1549 2218 1575 2265 ij
1594 2221 1620 2253 ἓ.

414 2301 452 2334 ix
469 2298 502 2334 d.
555 2300 605 2334 Et
623 2298 668 2334 fic
687 2298 818 2335 restant
835 2312 901 2345 pro
918 2301 1047 2345 quibus
1064 2300 1286 2346 respondebit
1304 2301 1354 2347 xlj
1374 2303 1400 2336 ἔ.
1417 2301 1442 2346 ij
1461 2299 1495 2335 d.
