1964 2894
533 391 659 423 VITAE
685 391 1022 423 EPISCOPORUM
1046 391 1476 423 DUNKELDENSIUM.
1627 393 1648 423 5

357 495 458 529 colmi
479 494 634 529 Canmor
651 496 745 541 regis
763 500 799 529 et
815 499 947 529 sanctae
965 494 1180 540 Margaretae
1198 495 1343 540 reginae,
1360 498 1499 528 mutato
1516 505 1654 528 monas-

357 577 457 616 terio,
471 577 509 610 in
519 577 699 611 ecclesiam
712 576 949 610 cathedralem
962 576 1094 616 erexit3
1110 580 1145 610 et
1157 576 1352 620 repudiatis
1366 575 1552 615 Kelledeis‚
1566 576 1655 620 epis-

357 669 484 702 copum
509 663 546 692 et
569 658 754 692 canonicos
777 657 945 696 instituit,
967 657 1191 701 seculareque
1218 657 1405 702 collegium
1431 657 1469 690 in
1493 655 1656 690 futurum

358 749 432 773 esse
455 739 645 778 ordinavit,
671 739 764 772 circa
788 748 899 771 annos
925 737 1060 771 domini
1085 737 1182 770 mille
1208 742 1350 771 centum
1375 742 1411 771 et
1432 737 1561 782 viginti
1582 749 1659 782 sep-

358 825 439 853 tem.
475 819 618 854 Primus
635 824 721 853 tunc
738 819 933 864 episcopus,
951 818 1046 852 illius
1063 829 1129 863 pro
1142 822 1300 862 tempore
1317 818 1523 852 monasterii
1541 818 1660 858 abbas,

359 906 394 935 et
412 901 522 948 Regis
540 905 663 946 postea
679 900 913 940 consiliarius,
930 904 1006 934 erat

409 1143 711 1183 GREGORIUS‚
735 1143 836 1189 cujus
864 1143 1160 1187 contemplatione
1182 1142 1301 1177 David
1325 1154 1388 1177 rex
1410 1143 1538 1178 Scotiae
1563 1154 1661 1178 sanc-

359 1230 416 1259 tus
440 1226 610 1259 concessit
633 1225 787 1259 ecclesiae
811 1224 1067 1264 Dunkeldensi,
1089 1225 1184 1258 dicto
1202 1225 1365 1269 episcopo
1383 1229 1418 1258 et
1436 1236 1511 1259 suae
1528 1236 1660 1260 mensae

359 1308 558 1352 episcopali,
581 1312 694 1341 terras
718 1307 761 1340 de
785 1306 999 1340 Outhertule
1023 1311 1058 1340 et
1083 1307 1234 1352 triginta
1259 1306 1466 1351 prebendas,
1491 1312 1597 1351 prout
1623 1308 1661 1340 in

360 1394 458 1422 carta
474 1387 559 1422 dicti
576 1387 688 1421 sancti
706 1386 856 1420 Davidis
878 1386 972 1432 regis
989 1387 1201 1420 continetur.
1252 1386 1322 1420 Hic
1340 1386 1534 1432 Gregorius
1552 1388 1662 1432 impe—

360 1470 471 1503 travit
493 1480 514 1502 a
537 1468 638 1513 Papa
657 1467 863 1502 Alexandro
887 1469 1003 1508 tertio,
1021 1468 1275 1512 protectionem
1294 1468 1523 1512 apostolicam
1541 1468 1609 1501 sibi
1626 1473 1662 1501 et

361 1551 515 1585 ecclesiae
527 1561 602 1584 suae
615 1551 653 1583 in
667 1549 890 1583 strictissima
902 1549 1028 1588 forma,
1042 1559 1123 1582 cum
1137 1548 1395 1592 specificacione
1409 1549 1569 1582 omnium
1583 1559 1663 1592 pos-

362 1631 557 1665 sessionum
567 1634 653 1663 tunc
665 1629 833 1673 temporis
847 1628 1060 1662 habitarum.
1087 1628 1139 1662 Et
1152 1629 1249 1662 dedit
1262 1628 1441 1662 ecclesiam
1455 1629 1499 1662 de
1510 1628 1663 1673 Rettray

361 1711 511 1749 cuidam,
539 1709 710 1749 Quasdub
743 1709 896 1748 nomine,
930 1709 1126 1743 succentori
1155 1708 1399 1742 Dunkeldensi
1430 1709 1657 1755 assignatam.

361 1792 412 1826 Et
424 1803 505 1826 cum
522 1791 670 1825 rexisset
687 1791 867 1825 ecclesiam
885 1790 1173 1825 Dunkeldensem
1192 1792 1375 1836 episcopus
1393 1793 1532 1827 circiter
1548 1804 1659 1827 annos

360 1873 598 1919 quadraginta
619 1872 719 1912 duos,
742 1873 781 1906 in
804 1877 983 1907 senectute
1003 1873 1107 1913 bona,
1130 1884 1224 1907 anno
1248 1874 1357 1907 tercio
1378 1875 1471 1919 regis
1489 1873 1661 1908 Willelmi

1686 747 1726 777 A.
1743 746 1783 776 D.
1801 745 1892 777 1127.

362 1955 460 1994 obiit,
487 1965 580 1988 anno
606 1954 741 1988 domini
756 1954 963 1988 'millesimo‘
979 1955 1169 1989 centaeimo
1194 1955 1413 2001 sexagesimo
1438 1966 1541 1989 nono.
1593 1955 1661 1990 Cui
1688 1963 1728 1993 A.
1747 1963 1787 1993 D.
1806 1962 1895 1995 1169.

363 2036 529 2070 successit
