2044 2906
1027 396 1071 426 lV

393 507 553 553 regulam
570 506 764 552 redigendi,
782 516 855 540 non
874 505 989 539 solum
1006 504 1144 538 rituum
1161 508 1198 538 et
1210 503 1348 537 dierum
1366 501 1566 536 solennium
1578 500 1697 535 obser-

393 604 525 645 vantia,
542 605 603 638 sed
620 605 750 649 pietate
767 603 886 643 etiam,
904 600 1160 642 benevolentia,
1177 605 1214 635 et
1233 600 1335 635 bonis
1352 600 1522 634 moribus.
1573 598 1695 644 Hujus

393 703 530 738 Fratris
542 703 664 744 liber,*
684 702 836 737 Abbatis
852 702 966 736 nostri
984 702 1159 736 curiosam
1177 701 1401 745 aliquantum
1418 700 1457 733 in
1474 699 1579 733 rebus
1592 698 1697 733 mini-

391 803 459 836 mis
473 802 817 836 administrationem
834 801 989 841 exhibet,
1006 801 1068 834 sed
1092 800 1186 835 idem
1210 799 1317 833 simul
1333 798 1446 833 vitam
1464 797 1696 832 monasticam

393 901 630 935 honestiorem
653 900 824 946 depingit,
850 904 886 933 et
913 911 935 933 a
957 899 1098 945 vulgari
1121 899 1287 943 opinione
1310 898 1353 932 de
1376 897 1526 932 coenobii
1552 896 1695 931 licentia

394 1000 507 1045 magis
521 1000 684 1038 alienam,
694 1009 801 1043 quam
816 999 1036 1042 plerumque,
1048 1008 1067 1031 e
1080 996 1311 1042 scriptoribus
1322 997 1430 1030 etiam
1443 996 1696 1036 ecclesiasticis,

390 1098 553 1143 colligere
573 1097 628 1131 fas
645 1101 708 1131 est.
761 1096 935 1141 Cupiebat
957 1100 1077 1130 noster
1101 1095 1297 1140 praesertim
1321 1095 1507 1129 literarum
1526 1094 1697 1134 studium,

391 1196 428 1229 in
441 1195 578 1230 aedibus
595 1196 668 1229 suis
688 1198 709 1213 ‘⁶
727 1195 953 1229 obliteratum
976 1195 1150 1239 penitus‚''
1167 1198 1388 1233 restaurare3
1412 1204 1534 1237 eoque,
1558 1203 1698 1227 monas-

390 1294 471 1328 terii
488 1294 544 1328 sui
562 1294 716 1328 novitios
734 1294 878 1339 optimae
895 1293 1035 1332 indolis,
1049 1293 1087 1326 in
1104 1292 1337 1326 universitate
1355 1291 1581 1326 celeberrima
1594 1291 1695 1325 Pari-

392 1392 509 1432 siensi,
527 1392 601 1426 suis
618 1392 832 1436 sumptibus,
850 1391 1087 1425 instituendos
1105 1391 1254 1425 curavit.

442 1490 532 1524 Haec
549 1490 693 1524 consilia
710 1489 959 1524 liberalitatem
978 1490 1133 1534 sapiunt,
1152 1493 1187 1523 et
1207 1500 1272 1533 pro
1290 1489 1463 1522 monacho
1479 1492 1515 1522 et
1533 1499 1598 1532 pro
1615 1499 1695 1522 aevo

391 1589 429 1623 in
454 1599 525 1633 quo
552 1588 654 1628 vixit,
681 1599 779 1632 spem
807 1593 1044 1632 superantem,
1071 1592 1177 1632 atque
1203 1588 1358 1621 indolem
1386 1598 1506 1621 rerum
1534 1587 1693 1621 civilium

390 1685 476 1722 cur&⁴
492 1687 681 1721 exercitam
700 1692 735 1721 et
753 1687 901 1731 politam
919 1687 1173 1721 demonstrant.
1221 1684 1473 1720 Confitendum
1490 1690 1555 1727 est,
1573 1686 1639 1720 hoc
1656 1685 1694 1719 in

390 1786 493 1826 libro,
516 1796 622 1830 quem
640 1789 721 1819 ante
739 1786 825 1819 vitae
848 1785 999 1830 publicae
1023 1786 1167 1820 initium
1192 1786 1344 1830 scripsit,
1366 1786 1549 1830 ‘episcopos
1573 1797 1694 1820 omnes

391 1884 466 1918 sine
489 1884 603 1918 multo
625 1884 826 1918 discrimine
849 1888 884 1917 et
902 1884 965 1917 vix
988 1883 1033 1918 ob
1057 1884 1230 1918 maximas
1247 1884 1400 1918 virtutes
1417 1884 1580 1924 laudari3
1608 1885 1695 1918 adeo

389 1986 432 2016 ut
454 1982 716 2027 aliquantulum
740 1983 818 2029 agri
843 1982 983 2017 dioecesi
1010 1982 1183 2022 additum,
1208 1983 1324 2027 paries
1350 1983 1505 2018 ecclesiae
1530 1982 1694 2023 refectus,

425 2129 442 2147 ’ἱ
454 2130 470 2142 “
484 2127 617 2163 Exegesis
631 2128 659 2154 in
674 2136 811 2154 canonem
827 2128 885 2154 divi
898 2127 1047 2163 Augustini
1066 2136 1163 2154 recens
1181 2127 1257 2155 edita
1274 2136 1325 2163 per
1343 2127 1458 2155 fratrem
1471 2129 1628 2156 Robertum
1646 2130 1694 2157 Ri-

388 2195 553 2222 chardinum
566 2195 686 2223 celebris
698 2195 825 2223 ecelesiae
839 2194 1071 2223 Cambuskenalis
1083 2195 1437 2223 canonicum-'’—Lutetioe.
1475 2199 1553 2230 1539.
