2044 2906
561 406 687 436 VITAE
713 405 1051 437 EPISCOPORUM
1077 404 1510 436 DUNKELDENSIUM.
1658 404 1698 435 65

391 518 533 552 ornavit
550 528 560 558 ς
588 517 742 551 Calicem
767 522 975 564 argenteum
993 517 1203 551 deauratum
1222 517 1335 550 eidem
1352 516 1428 550 fieri
1446 517 1519 551 suis
1544 518 1694 561 sumpti-

391 599 456 632 bus
474 598 568 639 fecit‚
587 603 622 633 et
643 596 710 645 [si]
734 610 806 633 non
819 603 934 633 morte
949 603 1142 643 preventus
1159 602 1262 638 esset,
1280 599 1395 632 multo
1411 599 1516 643 plura
1532 598 1670 633 fecisset
1684 609 1692 631 ε

389 680 457 714 Sed
475 681 566 714 sicut
583 681 819 714 communiter
835 680 965 714 bonam
982 680 1095 714 vitam
1116 680 1230 714 bonus
1248 679 1329 714 finis
1354 680 1527 725 sequitur,
1544 692 1618 715 una
1635 681 1691 714 die

391 767 580 807 postquam
607 762 752 795 missam
778 762 821 795 de
847 760 976 795 Sancto
1007 760 1190 794 Salvatore
1215 761 1434 802 celebrasset,
1460 761 1557 796 febre
1586 767 1691 797 acuta

392 848 520 883 tactus,
550 848 803 878 testamentum
829 843 925 887 quod
952 843 991 876 in
1018 842 1186 876 codicillis
1212 842 1339 876 habuit
1364 843 1463 877 omni
1489 854 1584 877 anno
1609 855 1690 878 con-

382 925 528 965 fectum,
539 929 665 959 vocato
682 925 832 964 notario,
846 925 884 958 in
903 924 1107 958 testamenti
1125 923 1277 958 formam
1298 924 1466 965 condidit,
1484 930 1687 960 executores

382 1007 593 1047 nominavit,
611 1018 667 1040 res
685 1006 752 1040 sibi
770 1017 791 1040 a
808 1006 885 1040 Deo
903 1016 1094 1046 concessas,
1112 1006 1157 1039 ad
1174 1006 1235 1050 pia
1251 1007 1337 1046 loca,
1355 1007 1634 1053 consanguineos
1652 1012 1687 1042 et

383 1099 555 1133 pauperes
572 1088 706 1134 legavit
720 1097 729 1121 ε
754 1087 884 1122 Postea
900 1086 1098 1121 confessore
1112 1092 1247 1127 vocato,
1265 1098 1346 1121 cum
1364 1088 1461 1122 omm'
1478 1089 1686 1123 maturitate

382 1168 562 1203 confessus
580 1174 644 1209 est,
662 1174 698 1203 et
721 1173 942 1203 sacramenta
959 1167 1166 1203 Eukaristae
1187 1174 1223 1203 et
1246 1173 1415 1203 extremae
1432 1170 1611 1205 unctionis
1631 1182 1685 1205 re-

381 1255 545 1285 verenter
561 1251 715 1295 sumpsit
732 1261 742 1292 ;
769 1251 831 1285 sed
848 1251 887 1285 in
903 1254 1062 1285 extrema
1078 1251 1178 1291 hora,
1195 1251 1324 1296 plausu
1340 1262 1525 1292 manuum,
1543 1254 1683 1299 vulgari

380 1337 502 1367 nostro
513 1332 725 1367 exclamavit
735 1336 801 1373 ter,
816 1335 837 1351 “
850 1331 970 1377 Wer,
981 1331 1213 1378 Wely,Wely
1225 1333 1255 1373 ;”
1274 1337 1309 1367 et
1322 1333 1416 1367 facto
1433 1334 1537 1380 signo
1550 1340 1682 1370 sanctae

377 1415 501 1454 crucis,
520 1418 541 1432 “
558 1415 597 1448 in
615 1425 743 1448 manus
766 1414 867 1448 tuas’'
886 1413 1016 1454 dicens,
1034 1415 1240 1459 exspiravit.
1281 1415 1368 1449 Post
1393 1416 1495 1462 cujus
1518 1422 1680 1458 mortem,

376 1496 452 1540 ejus
471 1500 638 1530 executor
655 1496 791 1530 dictum
809 1496 920 1529 altare
938 1495 1058 1530 Sancti
1077 1495 1272 1530 salvatoris
1289 1502 1385 1531 certo
1401 1508 1521 1532 annuo
1538 1500 1680 1534 redditu

375 1577 477 1610 auxit
491 1587 501 1616 ;
538 1576 823 1610 anniversarium
851 1587 917 1620 per
946 1577 1166 1621 capellanum
1197 1577 1355 1623 ejusdem
1382 1583 1565 1614 annuatm
1589 1580 1676 1621 fieri,

378 1657 531 1702 episcopi
556 1657 767 1691 auctoritate
785 1661 821 1691 et
839 1657 984 1702 capituli
1002 1668 1174 1692 consensu
1192 1658 1368 1700 obtinuit3
1395 1660 1503 1695 libros
1523 1662 1678 1706 capitulo

373 1739 506 1784 legatos
525 1738 743 1773 deliberavit.

420 1982 835 2018 PRAEBENDARIUS
873 1985 916 2018 de
951 1983 1224 2032 Inchmagrano,
1252 1986 1428 2033 Magister
1458 1987 1671 2023 VVillielmus

371 2064 562 2110 Lindesay,
580 2065 734 2100 vicarius
752 2066 795 2099 de
813 2065 979 2107 Newtile,
996 2077 1161 2101 mansum
1179 2067 1325 2102 honeste
1342 2070 1532 2113 reparavit,
1549 2081 1670 2115 ymmo

368 2147 470 2192 quasi
488 2147 531 2181 de
547 2157 642 2181 novo
658 2147 866 2182 construxit

997 2237 1011 2263 1
