2044 2906
570 413 698 444 VITAE
724 410 1064 444 EPISCOPORUM
1088 409 1522 442 DUNKELDENSIUM.
1645 410 1687 442 37

388 524 511 563 tutela,
537 534 582 557 ex
601 526 814 557 testamento
839 526 999 566 paterno,
1025 524 1080 555 est
1102 520 1266 566 legatus3
1293 523 1330 554 et
1350 530 1394 554 ex
1416 520 1565 554 adverso
1585 520 1687 554 dictis

381 605 514 641 Jacobo
536 609 572 639 et
588 603 736 638 Andrea
760 603 992 648 personaliter
1008 613 1072 647 per
1095 602 1254 647 seipsos3
1290 605 1326 635 et
1349 600 1502 635 finaliter
1518 601 1557 635 in
1580 612 1686 636 causa

351 721 354 724 ,
382 699 494 733 usque
519 688 565 721 ad
587 686 799 721 sententiam
823 684 1049 718 diffinitivam
1072 684 1245 717 inclusive
1268 694 1473 728 processum
1494 687 1559 723 est,
1582 688 1624 717 ut
1646 685 1685 718 in

383 780 548 815 processu
569 778 689 802 coram
711 767 761 800 eis
784 766 945 805 deducto,
963 776 1042 799 mea
1058 775 1169 799 manu
1186 764 1348 799 totaliter
1364 765 1507 809 scripto,
1525 770 1560 799 et
1576 766 1615 799 in
1632 777 1685 799 re-

383 852 496 898 gistro
513 849 667 884 ecclesiae
683 851 835 888 servato,
852 847 991 892 plenius
1009 847 1221 881 continetur.
1254 845 1385 880 Mediis
1407 850 1528 880 tamen
1541 857 1686 880 vener&

382 933 462 967 bilis
492 932 605 977 patris
631 930 818 965 Laurentii
847 928 985 964 abbatis
1011 927 1146 963 Insulae
1172 927 1379 968 Missarum‚
1407 926 1471 961 filii
1498 926 1685 962 Laurentii

382 1014 518 1049 domini
535 1013 720 1058 Oliphant,
739 1010 855 1058 (cujus
872 1022 982 1056 nepos
999 1011 1116 1044 dictus
1134 1008 1299 1044 Andreas
1317 1019 1364 1043 ex
1383 1019 1502 1043 sorore
1519 1008 1614 1055 fuit,)
1633 1014 1686 1044 est

384 1100 614 1135 transactum,
631 1099 667 1129 et
684 1095 723 1128 in
739 1105 846 1128 causa
863 1093 1125 1132 concordatum,
1137 1096 1180 1126 ut
1196 1091 1283 1126 dicti
1297 1090 1462 1126 Andreas
1480 1096 1516 1126 et
1532 1091 1555 1126 J
1557 1092 1685 1126 acobus

385 1187 521 1211 necnon
534 1175 558 1209 J
559 1176 716 1210 ohannes
734 1174 899 1215 Stewart,
917 1174 1221 1219 tanquamhaeres
1241 1174 1366 1218 patris,
1377 1185 1442 1219 pro
1455 1185 1526 1218 quo
1544 1174 1616 1208 lata
1633 1179 1686 1208 est

382 1257 568 1297 sententia,
592 1267 713 1291 omnes
735 1256 941 1302 hujusmodi
962 1259 1074 1289 terras
1097 1255 1136 1289 in
1160 1266 1271 1289 manu
1295 1255 1405 1301 Regis
1429 1255 1563 1289 domini
1585 1266 1687 1300 supe-

382 1339 486 1374 rioris
510 1339 703 1374 earundem
718 1338 953 1383 resignarent,
977 1337 1015 1371 in
1033 1336 1194 1371 favorem
1211 1336 1297 1371 dicti
1315 1335 1460 1382 Georgii
1477 1341 1513 1371 et
1532 1338 1686 1371 ecclesiae

382 1430 479 1456 suae:
497 1420 548 1455 Et
558 1425 755 1465 propterea,
770 1419 815 1453 ad
828 1419 1066 1452 dirimendam
1075 1428 1218 1452 omnem
1230 1417 1330 1452 litem
1344 1418 1382 1452 in
1394 1417 1570 1459 futurum,
1584 1419 1686 1452 dictis

383 1502 540 1537 Andreae
554 1507 590 1536 et
602 1501 626 1535 J
627 1501 746 1541 acobo,
760 1501 799 1535 in
812 1500 915 1534 feodo
928 1505 964 1534 et
978 1500 1300 1540 liberetenemento,
1313 1500 1408 1533 idem
1420 1500 1593 1544 pontifeX,
1607 1512 1688 1535 con—

385 1584 558 1619 sentiente
582 1583 748 1627 capitulo,
767 1582 865 1615 dedit
882 1586 994 1615 terras
1013 1581 1240 1614 dominicales
1257 1581 1300 1614 de
1318 1580 1456 1627 Megill,
1479 1581 1547 1616 sub
1570 1592 1687 1616 rever—

385 1665 482 1699 sione
499 1663 846 1709 quadringentarum
862 1673 1084 1703 mercarum3
1103 1673 1192 1707 quas
1209 1666 1323 1696 terras
1342 1667 1466 1708 postea
1482 1663 1575 1697 idem
1589 1674 1687 1698 reve-

384 1746 514 1780 rendus
532 1749 635 1790 pater
658 1745 818 1784 redemit,
844 1744 928 1778 data
948 1744 1012 1778 illa
1034 1744 1195 1789 pecunia,
1215 1748 1405 1789 postquam
1422 1745 1517 1779 idem
1532 1744 1686 1780 ,Iacobus

385 1831 421 1862 et
437 1826 601 1861 Andreas
619 1830 732 1860 terras
758 1826 803 1860 ad
822 1826 1108 1871 quinquennium
1125 1826 1372 1871 possedissent.
1407 1826 1513 1861 Dicto
1529 1826 1553 1860 J
1554 1827 1685 1863 ohanni

388 1907 545 1942 Stewart
562 1918 628 1952 pro
641 1907 724 1954 jure
737 1918 813 1947 suo,
827 1907 924 1952 quod
936 1907 1106 1953 pinguius
1124 1911 1200 1942 erat
1214 1917 1224 1948 3
1251 1911 1330 1942 tum
1347 1908 1432 1953 quia
1444 1908 1557 1943 haeres
1574 1911 1686 1955 patris

386 1993 421 2023 et
438 1989 477 2023 in
493 1988 570 2034 ejus
587 1988 746 2022 favorem
765 1993 888 2022 contra
905 1987 1075 2033 praefatos
1092 1987 1117 2022 J
1118 1988 1266 2022 acobum
1284 1993 1320 2023 et
1335 1987 1530 2030 Andream,
1543 1964 1616 2025 lata
1632 1999 1686 2026 est

386 2070 562 2104 sententia
590 2070 753 2115 superius
785 2074 1069 2111 commemorata,
1099 2070 1196 2104 dedit
1225 2075 1338 2104 terras
1365 2071 1409 2105 de
1438 2046 1564 2117 ὸΙοΠγ,
1593 2072 1685 2107 Con-

387 2162 507 2198 cragy,
523 2151 761 2191 Adamstoun,
784 2151 1036 2186 Burroustoun
1053 2155 1089 2185 et
1110 2151 1300 2196 Myltoun3
1325 2153 1387 2187 sed
1407 2154 1492 2198 quia
1511 2154 1605 2189 idem
1624 2154 1685 2190 Jo-

386 2233 521 2268 hannes
538 2233 786 2268 murmurabat
803 2233 870 2268 sibi
888 2234 1081 2268 secundum
1098 2238 1319 2269 contractum
1335 2235 1429 2270 inter
1446 2247 1504 2270 eos
1522 2248 1593 2271 non
1610 2247 1684 2271 esse
