2106 2894
688 372 857 406 PONTIS
880 370 1249 404 DUNKELDENSIS.
1581 374 1628 411 99

315 486 488 533 quaginta
500 489 578 520 octo
591 486 722 530 pedum
734 484 935 520 mensuram
946 489 982 520 et
994 484 1149 530 capienti
1160 495 1226 529 pro
1243 482 1402 528 qualibet
1414 482 1514 527 pedis
1527 492 1626 516 men-

315 569 395 604 sura
421 574 576 615 quatuor
600 569 763 604 denarios
782 570 967 603 extenden.
991 569 1029 602 in
1054 568 1206 613 pecunia
1231 567 1277 601 ad
1301 566 1340 612 lij
1360 569 1386 601 ἔ.
1404 566 1467 612 viij
1486 563 1521 599 d.
1572 563 1624 598 Et

316 654 487 688 allocatur
497 654 611 688 eidem
624 664 688 698 per
700 652 949 687 liberacionem
962 651 1093 686 factam
1106 650 1131 684 J
1132 650 1265 684 ohanni
1279 649 1415 684 Brown
1424 649 1461 683 in
1471 648 1625 683 Dounde

314 735 473 770 lathomo
496 734 670 781 Magistro
691 734 933 768 lathomorum
963 733 1080 778 operis
1102 733 1223 777 pontis
1244 732 1379 776 capien.
1405 742 1469 776 per
1489 742 1624 765 annum

315 817 501 851 duodecim
526 827 660 850 mercas
679 827 701 850 a
725 816 843 860 primo
859 814 999 860 Aprilis
1026 814 1111 848 anni
1129 819 1190 847 *tc*
1209 815 1245 847 vc
1261 810 1334 859 xj¹¹¹¹
1352 814 1390 847 in
1407 813 1502 847 diem
1519 824 1627 858 quar-

315 905 391 933 tum
419 898 637 944 Septembris
655 898 740 932 anni
759 902 818 931 ’ἰοὺ
837 899 873 931 vc
890 897 953 943 xiij
977 908 1023 931 ex
1046 907 1087 931 eo
1110 896 1205 941 quod
1229 906 1318 940 opus
1341 905 1470 942 parum
1496 895 1535 929 in
1556 895 1624 929 hoc

315 986 474 1026 tempore
491 981 689 1026 perfectum
708 979 759 1015 est
776 992 799 1014 x
816 981 853 1014 li.
884 979 936 1014 Et
953 980 1068 1014 eidem
1084 978 1109 1013 J
1110 979 1245 1013 ohanm'
1263 979 1421 1013 venienti
1439 979 1483 1013 de
1493 977 1625 1012 Dunde

317 1065 360 1098 ad
380 1064 616 1098 Dounkelden
633 1062 775 1098 absente
799 1063 956 1097 Domino
973 1067 1010 1097 et
1026 1063 1185 1096 rediunti
1201 1063 1241 1096 in
1258 1061 1444 1097 esculentis
1461 1066 1498 1097 et
1517 1073 1626 1107 pocu-

316 1147 421 1180 lentis
439 1157 512 1179 una
529 1146 605 1179 vice
623 1157 647 1179 x
665 1148 690 1179 ἓ.
742 1145 795 1180 Et
818 1146 990 1179 allocatur
1007 1145 1121 1179 eidem
1143 1156 1207 1190 per
1223 1142 1473 1179 liberacionem
1493 1144 1625 1179 factam

315 1228 472 1262 Johanni
507 1227 642 1261 Cowtis
672 1227 832 1261 lathomo
862 1239 884 1261 a
910 1228 1027 1272 primo
1056 1226 1222 1261 Januarii
1249 1227 1334 1261 anni
1361 1232 1421 1262 'ke‘
1439 1229 1475 1261 vc
1492 1224 1561 1273 ΧΓ)
1588 1227 1626 1261 in

316 1310 468 1345 eundem
486 1310 578 1344 diem
597 1321 693 1344 anno
707 1310 870 1344 revoluto
888 1309 1023 1354 capien.
1042 1320 1108 1354 pro
1129 1309 1197 1343 hoc
1214 1321 1308 1343 anno
1325 1310 1519 1344 octodecim
1536 1320 1628 1344 mer-

316 1404 385 1428 eas.
436 1392 488 1427 Et
505 1404 526 1427 a
544 1393 661 1437 primo
679 1392 702 1426 J
704 1394 844 1427 anuarii
863 1394 947 1427 anni
966 1398 1026 1427 'ec‘
1044 1394 1080 1427 ve
1097 1390 1179 1439 xij¹¹³³
1198 1394 1236 1427 in
1253 1394 1405 1428 eundem
1422 1393 1517 1427 diem
1534 1405 1629 1427 anno

316 1475 480 1508 revoluto
497 1476 631 1519 capien.
648 1476 687 1509 in
712 1475 779 1509 hoc
800 1487 895 1509 anno
919 1479 1067 1520 propter
1091 1476 1265 1521 majorem
1290 1474 1469 1510 caristiam
1495 1476 1626 1522 viginti

317 1569 452 1592 mercas
470 1558 656 1592 extenden.
670 1558 708 1591 in
725 1558 828 1591 totali
846 1556 983 1592 summa
1001 1558 1047 1592 ad
1063 1569 1138 1592 xxv
1151 1559 1187 1592 li.
1206 1559 1242 1604 vj
1262 1561 1288 1592 ἔ.
1307 1558 1370 1604 viij
1389 1555 1424 1592 d.
1474 1557 1527 1592 Et
1544 1559 1630 1592 allo-

318 1645 420 1674 catur
449 1640 562 1674 eidem
592 1651 656 1684 per
685 1639 934 1674 liberacionem
962 1640 1094 1674 factam
1128 1640 1152 1674 J
1154 1640 1263 1675 acobo
1294 1639 1441 1675 Masone
1470 1640 1629 1675 lathomo

318 1723 491 1757 conducto
516 1734 580 1767 per
597 1734 731 1757 annum
749 1723 931 1768 integrum
952 1734 1018 1768 pro
1036 1724 1166 1769 viginti
1184 1723 1299 1758 tribus
1317 1724 1443 1758 mercis
1461 1735 1482 1757 a
1502 1723 1629 1768 quinto

318 1805 374 1838 die
391 1802 519 1838 menfis
538 1804 627 1850 Maij
648 1805 733 1838 anni
752 1809 812 1838 ‘ffic‘
833 1806 868 1838 v⁰
885 1802 954 1850 xj¹¹¹¹
972 1806 1011 1839 in
1028 1806 1179 1839 eundem
1203 1806 1298 1840 diem
1321 1804 1477 1852 ejusdem
1502 1803 1630 1840 menfis

319 1886 403 1919 anni
423 1890 482 1919 ”te
501 1887 536 1919 vc
553 1882 650 1930 xiijmj
668 1883 761 1919 xxx*
779 1887 816 1920 li.
835 1886 898 1932 xiij
918 1889 944 1920 ἔ.
962 1865 1014 1932 i‘i'ij
1033 1884 1068 1920 d.
1104 1886 1155 1921 Et
1173 1891 1305 1922 extunc
1321 1888 1359 1921 in
1377 1888 1472 1922 diem
1488 1889 1632 1922 undeci-

318 1979 418 2001 mum
435 1965 563 2002 menfis
581 1967 796 2002 Novembris
818 1967 972 2015 ejusdem
994 1969 1078 2003 anni
1096 1970 1134 2003 ix
1151 1970 1187 2003 li.
1206 1970 1241 2016 vj
1262 1972 1288 2004 ἓ.
1307 1970 1370 2016 viij
1389 1968 1424 2004 d.
1476 1970 1528 2005 Et
1545 1971 1630 2004 allo-

320 2054 421 2083 catur
441 2050 554 2084 eidem
580 2061 644 2095 per
668 2050 916 2085 liberacionem
943 2050 1074 2085 factam
1092 2050 1300 2086 Alexandro
1325 2052 1477 2097 Murray
1495 2058 1530 2086 et
1552 2052 1630 2098 ejus

319 2130 420 2165 servo
436 2132 609 2166 conducto
626 2133 890 2178 imperpetuum
908 2134 954 2168 ad
971 2145 1061 2179 opus
1086 2134 1206 2179 pontis
1224 2134 1357 2179 capien.
1383 2146 1449 2179 pro
1471 2132 1631 2179 utrisque

320 2212 560 2258 quadraginta
575 2223 712 2249 mex-cas
724 2216 911 2255 annuatim
928 2219 965 2250 et
978 2216 1060 2250 inde
1073 2226 1137 2260 per
1149 2215 1385 2261 grauiterium
1398 2193 1501 2261 xxiiij
1517 2215 1630 2250 bollas
