1964 2894
542 390 668 421 VITAE
694 389 1032 422 EPISCOPORUM
1054 389 1484 421 DUNKELDENSIUM.
1639 391 1661 421 3

423 492 600 527 VESTRAE
622 492 844 527 SPLENDOR
864 493 1017 527 ecclesiae
1037 492 1068 526 is
1085 496 1149 532 est,
1167 492 1301 527 domini
1319 496 1354 527 et
1370 497 1488 537 patres
1506 493 1575 527 mei
1593 503 1667 526 am-
1730 522 1735 539 ,Ι

371 574 532 619 plissimi,
545 574 776 608 fimdatorum
793 574 1106 619 episcoporumque
1118 574 1262 620 justitia
1274 584 1315 607 ac
1330 585 1471 608 morum
1488 574 1666 613 sanctim,

371 660 412 689 ut
425 666 528 689 nemo
543 659 701 689 vestrum
713 655 761 689 sit
777 666 897 689 rerum
913 655 1152 689 humanarum
1169 659 1243 689 tam
1255 655 1450 701 negligens,
1463 656 1525 700 qui
1539 659 1667 689 vestrae

371 736 462 770 sedis
480 736 654 781 originem
670 739 706 769 et
726 735 803 780 ejus
823 735 1040 769 incrementa
1055 746 1128 769 non
1145 736 1265 779 cupiat
1281 735 1506 770 vehementer
1523 746 1668 782 cognos-

370 827 456 850 cere.
492 815 573 861 Ego
586 816 680 849 inter
693 816 797 849 dictae
807 815 961 849 ecclesiae
974 815 1158 849 canonicos
1171 815 1351 855 minimus,
1365 816 1513 859 predicti
1524 815 1667 862 Georgii

368 896 539 931 antistitis
557 896 666 930 vestri
683 896 835 930 servitor
850 895 1007 935 humilis,
1024 895 1372 941 magnificentissimo
1391 896 1544 930 ecclesiae
1561 907 1669 941 appa-

370 982 463 1018 ratu,
481 982 518 1012 et
534 977 846 1012 ecclesiasticorum
863 977 902 1011 in
924 977 1046 1011 divino
1062 977 1249 1021 presertim
1266 977 1365 1011 cuitu
1381 988 1445 1022 per
1461 988 1572 1012 annos
1589 979 1667 1022 plu-

370 1059 479 1093 rimos
496 1058 620 1092 ordine
635 1058 804 1102 inspecto,
821 1058 1035 1092 incredibilis
1055 1058 1229 1102 cupiditas
1246 1058 1359 1092 indies
1376 1058 1536 1092 animum
1558 1060 1668 1094 inces-

369 1140 428 1179 sit,
445 1139 755 1185 cognoscendi-'qui
772 1144 884 1174 tantae
906 1139 1148 1174 ecclesiasticae
1170 1139 1364 1174 honestatis
1387 1140 1584 1174 devotionis
1607 1151 1669 1185 pa-

367 1224 455 1257 riter
468 1228 504 1258 et
520 1223 703 1270 regiminis
721 1224 918 1258 conditores
934 1223 1107 1259 fuissent:
1124 1223 1223 1264 Quos
1240 1235 1284 1258 ex
1300 1224 1370 1258 hiis
1387 1235 1544 1259 summos
1560 1224 1669 1259 fuisse

369 1305 464 1339 viros
482 1304 691 1345 arbitrabar,
708 1303 770 1350 qui
787 1309 862 1338 tam
879 1305 1072 1350 speciosam
1089 1310 1164 1339 tam
1180 1306 1336 1349 preclare
1353 1304 1549 1345 fundamm,
1563 1316 1607 1339 ex
1620 1307 1670 1339 la-

369 1386 511 1430 pidibus
527 1386 630 1419 sectis
647 1386 780 1430 pariter
793 1390 829 1419 et
841 1386 945 1426 vivis,
958 1387 1108 1430 posteris
1124 1386 1350 1431 reliquissent
1362 1387 1552 1421 ecclesiam.
1590 1386 1669 1421 Hoc

370 1468 622 1512 inquirendum
642 1467 763 1501 studui
781 1477 825 1500 ex
844 1466 1117 1511 antiquitatibus
1134 1468 1312 1507 ecclesiae3
1339 1467 1378 1501 in
1395 1468 1542 1502 cronicis
1560 1468 1667 1502 etiam

370 1549 471 1594 regni
488 1548 618 1588 incidi3
636 1552 672 1581 et
688 1558 770 1595 quae
787 1558 831 1581 ex
847 1547 897 1581 eis
914 1547 1044 1580 rimare
1060 1547 1300 1591 nequiveram,
1318 1547 1413 1591 apud
1429 1548 1668 1582 coenobiorum

372 1628 523 1673 registra
545 1627 656 1661 literis
679 1627 747 1672 egi,
771 1631 806 1661 et
828 1626 1034 1671 pontificum
1056 1627 1202 1660 nomina
1223 1627 1305 1661 inde
1326 1628 1476 1662 lucidius
1498 1628 1666 1664 intellexi.

371 1710 500 1753 Iniquo
523 1709 618 1742 enim
643 1709 710 1742 tuli
735 1709 864 1748 animo,
887 1709 1067 1742 ecclesiam
1092 1712 1167 1742 tam
1192 1709 1433 1749 clarissimam,
1457 1710 1667 1745 doctissimis

370 1790 477 1824 etiam
494 1789 580 1823 viris
598 1789 728 1823 ibidem
752 1788 916 1834 prefectis
933 1789 1143 1829 decoratam,
1161 1790 1301 1823 nullum
1325 1791 1371 1824 ad
1393 1801 1472 1824 eam
1494 1791 1588 1825 diem
1611 1793 1668 1825 vel

369 1872 580 1906 mediocrem
597 1871 803 1916 scriptorem
819 1871 928 1906 fuisse
945 1873 1118 1907 sortitam.
1152 1872 1204 1907 Et
1220 1873 1302 1906 licet
1318 1873 1412 1907 inter
1425 1883 1487 1907 vos
1505 1874 1668 1908 eruditis-

370 1952 451 1986 simi
469 1952 551 1991 sint,
568 1952 630 1996 qui
650 1963 726 1986 rem
746 1963 810 1997 per
831 1964 889 1987 me
912 1954 1190 2000 aggrediendum
1210 1954 1343 1998 optime
1363 1958 1399 1988 et
1421 1954 1553 1999 absque
1574 1966 1667 1989 com-

370 2034 552 2078 paratione
574 2045 740 2080 peragere
761 2035 896 2076 sciant3
922 2037 1008 2080 quia
1029 2041 1150 2071 tamen
1166 2035 1231 2070 hec
1247 2046 1304 2069 res
1321 2035 1490 2070 hactenus
1508 2037 1667 2082 neglecta

369 2119 433 2154 est,
450 2114 539 2148 mihi
556 2119 675 2150 tamen
692 2117 823 2162 agresti
840 2121 876 2151 et
893 2117 1027 2151 inculto
1040 2117 1203 2162 scriptori
1217 2116 1405 2151 vehemens
1419 2122 1548 2152 vestrae
1561 2120 1667 2152 eccle-

369 2195 433 2231 siae
453 2195 603 2237 dilectio,
627 2201 662 2231 et
681 2197 776 2232 illius
793 2197 1021 2234 sublimitatis
1039 2200 1154 2240 ardor,
1172 2200 1345 2235 scribendi
1363 2211 1489 2234 ausum
1507 2201 1668 2245 prestite-
