1964 2894
116 846 156 876 A.
175 845 215 876 D.
233 844 325 879 1396.

360 410 402 442 16
520 409 646 440 VITAE
673 408 1011 441 EPISCOPORUM
1035 408 1469 440 DUNKELDENSIUM.
1527 406 1531 411 '

401 595 666 630 MAGISTER
678 595 702 629 J
704 595 851 630 OHAN
853 594 952 629 NES
964 594 1094 635 Peblis,
1106 594 1216 642 Regis
1228 594 1479 634 Cancellarius,
1488 594 1544 628 vir
1554 605 1653 640 mag-

349 689 477 711 narum
494 678 714 712 auctoritatis
732 682 768 712 et
784 677 991 719 literarum3
1018 677 1082 723 qui
1098 677 1174 711 fieri
1192 676 1276 711 fecit
1293 677 1445 710 vitream
1462 675 1655 710 fenestram

349 760 555 794 orientalem
584 759 682 794 chori
712 759 986 800 Dunkeldensis,
1011 759 1161 794 diversis
1191 757 1419 804 ymaginibus
1446 758 1541 792 vitro
1572 756 1652 791 albo

353 842 457 886 pictis
469 842 668 876 decoratam
681 851 691 882 3
710 845 746 875 et
763 841 852 875 obiit
868 852 962 875 anno
975 841 1109 875 domini
1127 840 1316 874 millesimo
1329 839 1575 874 trecentesimo
1588 850 1650 872 no-

348 923 530 969 nogesimo
544 927 652 956 sexto.
705 922 784 962 Cui,
798 933 862 967 per
878 921 1037 956 favorem
1056 921 1166 967 Regis
1184 932 1270 967 erga
1287 931 1454 960 sororem,
1473 921 1639 954 successit

397 1164 672 1200 ROBERTUS
689 1166 733 1199 de
751 1165 927 1210 Cardeny,
940 1165 1034 1199 filius
1048 1165 1215 1200 Duncani
1227 1165 1270 1199 de
1282 1164 1447 1210 Cardeny
1461 1166 1504 1199 de
1518 1166 1651 1205 eodem,

347 1252 381 1281 et
404 1251 527 1291 postea
542 1258 606 1291 per
628 1247 898 1281 matrimonium
916 1247 1042 1281 domus
1066 1248 1109 1281 de
1127 1247 1239 1287 Foss3
1265 1247 1327 1291 qui
1351 1247 1451 1281 stetit
1468 1247 1651 1291 episcopus

346 1341 409 1374 per
425 1330 663 1376 quadraginta
680 1340 804 1370 annos,
818 1334 854 1364 et
871 1330 986 1364 multa
1003 1329 1097 1364 bona
1114 1329 1198 1375 egit.
1226 1328 1451 1374 Conquestus
1469 1333 1523 1362 est
1540 1333 1653 1362 terras

346 1412 388 1445 de
412 1411 587 1452 Muklere,
605 1422 650 1446 ex
666 1422 738 1457 qua
754 1410 921 1445 fundavit
939 1411 1112 1446 vicarium
1135 1415 1346 1456 perpetuum
1366 1411 1405 1444 in
1427 1411 1534 1445 choro
1552 1409 1654 1444 Dun-

345 1493 513 1533 keldensi,
531 1493 676 1527 missam
693 1493 954 1527 celebraturum
972 1493 1017 1527 ad
1035 1494 1145 1527 altare
1163 1493 1276 1528 sancti
1290 1492 1325 1527 N
1328 1493 1439 1527 iniani
1457 1493 1495 1527 in
1509 1493 1653 1527 ecelesia

345 1574 600 1615 Dunkeldensi,
614 1575 709 1620 quod
723 1575 798 1619 ipse
816 1574 1016 1609 construxit
1033 1579 1068 1609 et
1082 1576 1234 1609 ornavit.
1263 1574 1446 1609 Fundavit
1459 1585 1587 1609 navem
1602 1585 1655 1609 ec-

345 1656 459 1690 clesiae
477 1667 552 1690 suae
566 1656 841 1696 Dunkeldensis,
855 1657 911 1690 die
928 1657 1028 1703 xxvij
1041 1655 1190 1701 Aprilis,
1202 1668 1296 1691 anno
1313 1657 1448 1692 domini
1466 1657 1654 1692 millesimo

346 1737 695 1784 quadringentesimo
718 1742 830 1777 sexto,
848 1742 885 1771 et
902 1738 1101 1771 construxit
1118 1749 1231 1782 usque
1248 1739 1418 1772 secundos
1442 1750 1555 1779 arcus,
1573 1740 1651 1773 vul-

344 1819 479 1865 gariter
492 1819 524 1852 le
538 1818 781 1864 blyndstorijs.
811 1818 992 1853 Palatium
1010 1819 1163 1863 episcopi
1175 1819 1245 1853 fuit
1259 1830 1323 1853 suo
1336 1824 1505 1865 tempore,
1520 1821 1654 1866 alpina-

347 1906 423 1934 tum
438 1911 546 1939 more,
560 1909 604 1933 ex
617 1899 781 1934 domibus
795 1900 936 1946 magnis
956 1911 1062 1945 super
1076 1905 1208 1935 terram
1225 1902 1435 1936 constructis
1449 1912 1458 1943 ;
1477 1907 1513 1936 et
1530 1914 1574 1937 ex
1587 1903 1654 1938 hoc

352 1982 498 2026 quidam
516 1981 681 2016 malevoli
699 1980 960 2016 insidiabantur
981 1982 1143 2027 episcopo
1161 1984 1204 2016 de
1226 1988 1339 2023 nocte,
1357 1995 1378 2018 a
1398 1985 1528 2029 quibus
1551 1991 1652 2020 caute

348 2063 460 2097 evasit
477 2063 522 2097 ad
538 2062 686 2097 fratrem
700 2073 806 2097 suum
817 2062 1031 2097 Duncanum
1044 2063 1208 2109 Cardeny
1221 2065 1264 2099 de
1278 2064 1460 2100 Inchewin
1475 2077 1484 2107 ;
1504 2072 1540 2102 et
1555 2073 1652 2112 post-

348 2155 389 2178 ea
402 2143 601 2177 construxit
614 2143 800 2191 antiquam
811 2144 941 2179 turrim
952 2156 1034 2190 quae
1048 2146 1163 2180 adhuc
1175 2151 1240 2187 est,
1254 2147 1348 2182 inter
1361 2152 1506 2183 caeteras
1519 2149 1649 2183 ibidem

349 2224 599 2264 munitissima,
614 2229 650 2258 et
666 2225 786 2259 aulam
803 2235 884 2259 cum
898 2226 1077 2260 lardnaria
1094 2231 1129 2261 et
1145 2229 1321 2274 granariis
1339 2229 1464 2264 subtus
1482 2231 1525 2264 de
1542 2235 1652 2265 testu-

952 2308 970 2330 9
