2106 2894
690 376 859 409 PONTIS
881 375 1255 409 DUNKELDENSIS.
1562 381 1632 413 103

327 489 362 520 v‘
379 488 564 523 undecimo
581 489 739 533 quinque
757 489 871 522 celdre
889 499 1016 522 novem
1035 488 1127 522 bolle
1144 492 1179 522 et
1197 498 1308 521 unum
1327 487 1487 521 modium
1502 487 1633 522 ferrine

325 571 509 604 extenden.
527 571 565 605 in
582 571 731 615 pecunia
749 571 794 605 ad
817 571 853 616 xj
874 572 910 604 li.
930 570 1017 615 xviij
1038 573 1064 604 3.
1116 569 1167 604 Et
1185 568 1313 604 eisdem
1334 570 1371 603 in
1389 581 1483 603 anno
1501 570 1632 604 duode-

324 652 415 686 cimo
432 657 474 687 ut
490 656 588 697 patet
605 653 643 686 in
661 656 824 697 compoto
845 651 997 698 ejusdem
1022 652 1208 698 graniterii
1232 652 1363 685 redditi
1388 652 1485 696 apud
1507 651 1633 686 Doun-

323 732 405 767 keld
431 735 544 780 xxviij
574 734 788 768 Novembris
816 738 852 767 et
878 733 966 778 xviij
998 733 1186 766 Februarii
1212 733 1251 766 in
1277 744 1371 767 anno
1398 739 1456 767 *tc*
1483 734 1519 766 vc
1543 733 1633 780 xij¹¹¹⁰

322 813 539 850 confiderato
564 819 727 859 compoto
751 815 837 848 dicti
860 814 1048 860 graniterii
1070 825 1142 858 quo
1161 814 1206 847 ad
1222 813 1394 847 ferrinam
1410 814 1472 859 xvj
1492 815 1528 848 li.
1580 814 1631 848 Et

321 895 449 931 eisdem
476 895 705 932 servitoribus
733 896 867 930 ferrina
893 896 1089 942 grauiterio
1115 896 1261 930 allocan.
1283 896 1322 929 in
1345 895 1438 929 diem
1465 907 1632 930 exonera-

321 979 429 1013 cionis
456 980 648 1013 eorundem
671 990 693 1012 a
716 979 881 1023 lapicidio
904 979 967 1023 qui
990 977 1062 1012 fuit
1087 978 1126 1011 in
1151 989 1245 1012 anno
1271 978 1406 1011 domini
1433 982 1493 1012 *cc*
1512 980 1547 1011 vc
1564 979 1627 1024 xiij

320 1059 424 1105 xiiijto
441 1058 595 1106 Augusti
615 1065 760 1105 propter
774 1060 986 1094 excercitum
1006 1058 1162 1105 Regium
1180 1070 1244 1104 per
1257 1059 1628 1107 compotum-ejusdem

320 1142 452 1176 fan-ine
466 1143 503 1176 in
517 1143 580 1188 xiij
598 1142 812 1177 Novembris
826 1143 875 1188 vij
892 1143 928 1176 li.
942 1143 1006 1188 xiij
1023 1145 1047 1176 3.
1062 1143 1113 1188 iiij
1129 1140 1163 1176 d.
1190 1141 1242 1176 Et
1253 1143 1426 1176 allocatur
1438 1143 1552 1177 eidem
1565 1155 1629 1187 per

319 1223 566 1257 liberacionem
579 1223 710 1258 factam
727 1224 752 1257 J
753 1224 885 1258 ohanni
897 1223 1074 1270 Skougale
1086 1223 1230 1258 existen.
1244 1236 1324 1258 cum
1336 1224 1361 1258 J
1362 1225 1494 1259 ohanni
1506 1225 1627 1271 Wiyse

317 1305 355 1338 in
374 1305 572 1340 lucracione
589 1306 749 1351 lapidum
769 1307 872 1341 calcis
890 1318 911 1340 a
929 1311 1057 1351 quarto
1070 1306 1093 1340 J
1095 1307 1234 1352 anuarij
1251 1307 1335 1341 anni
1351 1313 1408 1341 'ze‘
1423 1309 1459 1342 νο
1471 1308 1521 1354 xij
1537 1309 1626 1342 citra

318 1388 489 1422 ferrinam
508 1393 684 1433 receptam
703 1400 725 1423 a
741 1389 885 1423 domino
903 1390 998 1434 apud
1013 1389 1128 1435 Clony
1143 1390 1167 1435 ij
1184 1393 1209 1424 3.
1254 1389 1305 1424 Et
1323 1391 1495 1424 allocatur
1512 1391 1625 1426 eidem

317 1481 380 1513 per
398 1470 647 1505 liberacionem
665 1470 796 1505 factam
809 1471 833 1505 J
835 1471 967 1505 ohanni
982 1471 1134 1506 Tulloch
1147 1473 1235 1506 alias
1250 1471 1498 1518 Cwnyngham
1511 1473 1626 1507 latho-

316 1563 374 1586 mo
391 1553 564 1587 conducto
582 1564 604 1586 a
620 1553 729 1588 tercio
747 1552 912 1587 Octobris
929 1554 967 1587 in
981 1565 1074 1588 anno
1089 1559 1150 1588 *c*
1163 1553 1198 1587 ve
1211 1554 1301 1599 xij¹¹¹⁰
1313 1554 1352 1587 in
1365 1554 1516 1588 eundem
1530 1555 1623 1588 diem

315 1646 409 1669 anno
426 1636 588 1670 revoluto
602 1636 736 1680 capien.
755 1636 792 1670 in
810 1636 1006 1670 mercedem
1024 1647 1181 1670 annuam
1199 1636 1312 1670 decim
1330 1636 1439 1670 libras
1457 1640 1493 1670 et
1511 1636 1624 1670 Tuni-

314 1728 390 1750 cam
409 1719 585 1751 valentem
602 1718 731 1763 viginti
748 1716 875 1752 solidos
892 1718 929 1763 xj
949 1718 985 1751 li.
1041 1717 1093 1752 Et
1114 1718 1286 1752 allocatur
1305 1718 1419 1752 eidem
1441 1728 1505 1762 per
1528 1729 1624 1763 emp-

313 1799 450 1833 cionem
476 1800 777 1845 noningentorum
803 1800 954 1846 triginta
980 1800 1133 1833 duorum
1159 1811 1307 1834 onerum
1333 1800 1401 1834 luti
1426 1800 1471 1834 ad
1496 1800 1623 1834 funda-

312 1886 473 1915 mentum
490 1880 709 1927 Lamfflaile
727 1886 761 1915 et
780 1882 934 1926 pilarum
953 1881 1071 1926 pontis
1094 1892 1158 1926 per
1175 1886 1292 1916 totum
1310 1886 1450 1926 tempus
1468 1883 1621 1926 compoti

310 1941 361 2007 initij
381 1963 417 1996 li.
436 1963 474 1996 ix
492 1965 517 1996 3.
569 1962 621 1998 Et
646 1964 820 1998 allocatur
845 1963 959 1997 eidem
984 1973 1048 2007 per
1073 1962 1323 1997 liberacionem
1347 1962 1479 1997 factam
1500 1963 1619 1997 Dauid

311 2043 431 2079 Ghent
450 2050 485 2079 et
502 2044 662 2080 Johanni
681 2045 796 2091 Rogie
814 2056 854 2080 ac
872 2045 977 2079 certis
1000 2045 1170 2090 operariis
1194 2043 1428 2079 servientibus
1452 2045 1619 2079 lathomis

312 2126 349 2159 in
366 2124 623 2162 constructione
642 2126 690 2162 lie
706 2125 925 2173 Lanassaile
948 2127 999 2173 iiij
1020 2127 1055 2161 li.
1074 2127 1112 2172 iij
1141 2129 1166 2160 3.
1193 2127 1231 2172 iij
1244 2137 1262 2170 3
1286 2124 1320 2160 d.
1372 2126 1423 2159 Et
1449 2127 1620 2160 allocatur

310 2208 420 2241 eidem
445 2219 509 2252 per
529 2210 746 2253 empcionem
769 2211 922 2245 duorum
946 2209 1099 2243 millium
1117 2213 1152 2243 et
1170 2209 1448 2253 quingentorum
1470 2218 1621 2248 onerum,
