2106 2894
446 354 517 387 140
735 347 1001 383 COMPOTUM
1021 348 1250 383 MAGISTRI
1271 347 1471 383 FABRICE

445 462 575 497 factam
594 463 764 508 operariis
782 461 1030 496 communibus
1056 459 1288 495 existentibus
1305 461 1344 494 in
1361 461 1519 506 querella
1544 462 1690 504 propter
1707 455 1754 492 lie

444 543 514 580 red
532 557 596 591 per
612 550 752 589 tempus
771 544 925 588 compoti
947 544 1043 577 ultra
1060 543 1287 587 quotidianos
1304 543 1343 576 in
1360 542 1472 577 feodis
1495 541 1701 577 eschalentis
1718 546 1753 576 et

443 627 639 673 poculentis
656 626 744 672 xviij
764 626 801 659 li.
822 625 885 670 viij
906 627 931 659 ἔ.
947 625 996 671 vij
1011 622 1045 658 d.
1097 623 1150 659 Et
1167 625 1340 659 allocatur
1358 625 1473 659 eidem
1490 636 1554 670 per
1571 624 1754 658 liberacio-

442 720 523 744 nem
546 708 677 743 factam
694 707 865 752 operariis
883 707 1132 742 communibus
1150 707 1395 741 laborantibus
1413 707 1507 741 circa
1526 710 1671 751 pontem
1690 717 1753 751 per

442 797 582 837 tempus
600 791 754 835 compoti
772 794 814 824 ut
831 794 929 834 patet
955 801 1018 835 per
1034 790 1167 824 librum
1185 790 1362 824 dietarum
1379 790 1615 835 compotantis
1641 789 1752 834 parti-

442 874 609 909 culariter
632 872 875 907 examinatum
899 871 1003 917 super
1025 877 1229 917 compotum
1254 873 1291 918 lij
1312 873 1349 907 li.
1367 873 1403 918 vj
1423 873 1449 906 ἔ.
1501 871 1553 906 Et
1579 873 1752 906 allocatur

441 956 657 1001 compotanti
675 956 712 989 in
736 955 955 1027 emprcionem
980 955 1023 988 de
1050 959 1193 989 centum
1219 959 1255 989 et
1281 958 1361 989 octo
1381 951 1429 987 lie
1449 951 1607 997 thraffs
1629 953 1752 998 pabuli

441 1038 531 1083 varij
552 1037 658 1082 precij
678 1036 739 1082 xvj
756 1047 782 1070 s.
797 1014 849 1082 iiij
865 1033 899 1069 d.
951 1034 1030 1070 Et·
1020 1046 1058 1069 in
1076 1036 1293 1080 empcionem
1308 1035 1416 1069 unius
1432 1035 1534 1079 pellis
1547 1034 1668 1080 equini
1686 1045 1752 1079 pro

439 1118 576 1163 pephiis
594 1117 792 1152 faciendis
783 1096 833 1163 1iij
856 1128 881 1150 s.
933 1116 985 1151 Et
1010 1128 1077 1162 pro
1103 1116 1321 1151 confectione
1347 1115 1502 1162 ejusdem
1529 1116 1568 1150 in
1593 1115 1752 1160 quinque

437 1201 577 1246 pephiis
599 1201 813 1234 verudorum
832 1199 857 1245 ij
877 1211 903 1233 s.
922 1199 957 1245 vj
977 1196 1011 1232 d.
1038 1198 1090 1233 Et
1108 1200 1282 1233 allocatur
1300 1199 1519 1243 compotanti
1537 1210 1603 1243 pro
1616 1198 1752 1232 confec-

439 1284 536 1318 tione
553 1284 706 1317 duorum
732 1282 873 1327 parium
897 1282 1063 1316 redarum
1091 1292 1154 1325 per
1171 1285 1312 1326 tempus
1336 1281 1490 1325 compoti
1508 1280 1749 1315 confectarum

438 1367 527 1412 xxiij
547 1368 573 1400 ἔ.
626 1365 678 1400 Et
702 1376 768 1410 pro
794 1375 867 1398 uno
887 1362 933 1398 lie
951 1361 1105 1398 Riddile
1134 1375 1200 1408 pro
1228 1363 1435 1397 mundanda
1460 1364 1553 1397 calce
1571 1374 1595 1396 v
1612 1360 1646 1396 d.
1698 1362 1750 1397 Et

439 1450 477 1483 in
504 1449 721 1483 confectione
747 1451 903 1493 quatuor
929 1444 977 1481 lie
1002 1444 1123 1480 bodeis
1149 1447 1315 1481 redarum
1330 1446 1368 1492 iij
1389 1448 1415 1481 ἔ.
1434 1443 1505 1480 vd.
1550 1445 1643 1480 Item
1671 1456 1750 1490 pre-

438 1532 614 1567 sentatum
638 1543 701 1576 per
718 1529 933 1577 Magistrum
952 1530 975 1564 J
977 1530 1153 1564 ohannem
1179 1529 1299 1565 Lacok
1321 1530 1374 1579 ad·
1388 1540 1478 1574 opus
1496 1533 1532 1563 et
1549 1529 1662 1563 eidem
1681 1530 1751 1563 col-

439 1616 553 1649 latum
572 1626 685 1648 unum
703 1626 768 1659 par
785 1614 963 1648 redarum.
993 1613 1044 1647 Et
1062 1614 1235 1647 allocatur
1252 1613 1471 1657 compotanti
1489 1623 1554 1656 pro
1573 1611 1750 1646 cedicione

439 1698 547 1731 unius
570 1697 659 1742 ligni
678 1701 713 1730 et
730 1696 949 1730 confectione
972 1694 1126 1741 ejusdem
1148 1696 1186 1729 in
1204 1692 1252 1729 lie
1257 1692 1391 1741 stcupzs
1416 1706 1482 1739 pro
1504 1695 1661 1739 querella
1678 1694 1703 1740 ij
1723 1697 1748 1728 ἔ.

439 1756 491 1823 iiij
511 1774 546 1810 d.
572 1776 624 1811 Et
641 1787 706 1821 pro
723 1777 904 1821 empcione
918 1777 961 1811 de
975 1781 1117 1811 centum
1136 1777 1377 1822 quadraginta
1390 1775 1557 1809 oneribus
1571 1774 1749 1819 cespidum

437 1870 503 1904 pro
521 1859 715 1905 erigatione
733 1858 920 1892 corborum
939 1862 974 1891 et
1000 1856 1143 1903 paffagij
1164 1869 1205 1891 ac
1227 1858 1379 1891 aliorum
1399 1855 1668 1892 necessariorum
1686 1868 1753 1902 per

444 1947 585 1986 tempus
612 1940 767 1985 compoti
794 1940 831 1985 xj
852 1940 878 1973 ἔ.
900 1939 962 1985 viij
982 1937 1017 1973 d.
1069 1938 1120 1973 Et
1146 1939 1184 1973 in
1210 1939 1429 1990 empcionem
1454 1938 1514 1973 sex
1538 1939 1679 1984 parium
1705 1937 1754 1974 lie

424 2022 632 2067 schailcillis
649 2034 714 2067 pro
732 2022 875 2056 verudis
888 2021 923 2067 vj
936 2019 971 2055 d.
997 2020 1049 2055 Et
1068 2021 1105 2055 in
1121 2022 1339 2066 empcionem
1358 2022 1517 2067 quinque
1533 2019 1754 2068 liefhailgeis

438 2108 487 2141 fili
513 2118 579 2152 pro
605 2104 866 2140 mensuratione
892 2115 956 2149 per
973 2108 1116 2149 tempus
1134 2105 1290 2149 compoti
1307 2105 1357 2150 xij
1377 2116 1395 2150 3
1412 2102 1447 2138 d.
1499 2103 1556 2139 Et
1582 2105 1754 2140 allocatur

439 2190 553 2224 eidem
572 2189 611 2223 in
628 2188 848 2233 empcionem
868 2187 911 2221 de
929 2190 1071 2221 centum
1089 2185 1274 2234 sexaginta
1293 2187 1498 2232 quindecim
1521 2188 1687 2223 oneribus
1704 2185 1752 2222 lie
