2044 2906
559 409 685 440 VITAE
711 408 1048 440 EPISCOPORUM
1072 407 1506 440 DUNKELDENSIUM.
1638 408 1678 439 73

373 531 455 554 rum
481 530 620 564 sponso,
647 524 682 554 et
709 519 923 559 Camerario,
948 519 1120 565 Angliain
1138 519 1375 557 intraverunt,
1399 522 1434 551 et
1458 517 1589 552 ibidem
1612 518 1674 551 ali-

373 601 545 646 quamdiu
553 601 780 635 residentiam
794 600 966 641 fecerunt,
976 611 1161 646 quousque
1171 600 1266 634 inter
1276 611 1335 634 eos
1353 604 1388 634 et
1398 599 1673 646 gubernatorem

371 683 557 717 concordia
578 683 669 716 inita
690 687 754 722 est,
778 682 1045 716 remissionibus
1067 682 1186 722 datis;
1213 693 1257 716 ex
1275 693 1347 727 qua
1363 682 1472 716 etiam
1490 682 1675 716 concordia

370 765 540 799 liberatus
554 769 631 799 erat
641 764 757 798 dictus
768 764 993 808 praepositus,
1007 768 1043 798 et
1056 764 1283 808 postmodum
1297 764 1451 809 gratiam
1463 763 1677 809 gubernato-

371 848 431 887 ris,
449 847 627 881 mediante
644 846 864 886 cancellario,
882 850 917 879 et
935 846 1177 891 episcopatum
1195 850 1248 879 est
1265 845 1437 890 adeptus;
1456 856 1563 890 quem
1581 845 1674 879 idem

371 929 600 963 cancellarius
619 927 823 973 sumptibus
841 928 916 962 suis
934 928 1030 972 apud
1044 926 1209 973 Glasgwe
1222 928 1261 961 in
1276 927 1480 972 episcopum
1498 937 1676 960 consecra-

371 1011 437 1050 vit,
455 1011 547 1044 datis
565 1010 633 1044 sibi
650 1011 747 1043 ultra
764 1009 831 1043 hoc
851 1009 1010 1055 jocalicis
1027 1009 1245 1043 muneribus.
1285 1008 1389 1043 Tunc
1406 1007 1568 1043 Gavinus
1586 1009 1677 1053 epis-

371 1103 479 1137 copus
503 1096 737 1132 consecratus,
763 1091 914 1131 rediens,
938 1091 1117 1125 ecclesiam
1142 1091 1363 1135 primitivam
1381 1090 1502 1125 Sancti
1519 1090 1676 1125 Andreae

371 1174 487 1219 primo
518 1174 823 1219 indulgentiarum
851 1177 1009 1218 tempore
1041 1177 1248 1207 octavarum
1276 1173 1462 1207 Michaelis
1490 1173 1651 1207 visitavit
1666 1183 1676 1214 ;

369 1256 495 1290 deinde
518 1256 700 1289 ecclesiam
722 1266 824 1290 suam
841 1254 1142 1295 Dunkeldensem,
1165 1255 1226 1289 ubi
1248 1255 1365 1299 prima
1381 1259 1483 1289 nocte
1506 1256 1552 1289 ad
1569 1256 1675 1290 eccle-

370 1339 460 1372 siam
482 1349 504 1372 a
525 1339 618 1372 clero
642 1342 677 1372 et
700 1338 831 1382 populo
848 1337 1001 1383 benigne
1025 1342 1079 1371 est
1105 1342 1277 1382 receptus,
1301 1337 1466 1371 omnibus
1491 1337 1609 1371 Deum
1627 1338 1673 1371 de

369 1425 443 1454 tam
461 1420 572 1455 nobili
589 1421 692 1454 docto
710 1424 746 1454 et
771 1420 908 1454 decenti
926 1420 1089 1464 episcopo
1107 1419 1346 1459 laudantibus,
1360 1419 1549 1464 publicatis
1567 1419 1674 1454 bullis

370 1502 415 1535 ad
431 1502 548 1547 majus
567 1502 688 1541 altare,
702 1506 738 1535 et
750 1501 993 1535 benedictione
1005 1502 1100 1534 data.
1134 1500 1229 1540 Quia
1239 1501 1412 1545 palatium
1429 1505 1465 1534 et
1478 1501 1674 1545 campanile

369 1587 561 1616 tenuerunt
586 1582 775 1616 servitores
792 1582 974 1627 postulati,
995 1593 1035 1616 eo
1059 1582 1202 1616 absente
1219 1583 1365 1616 reddere
1387 1583 1592 1621 noluerunt,
1616 1583 1671 1616 di-

369 1669 486 1698 centes
521 1675 558 1698 se
586 1665 647 1698 illa
676 1664 820 1698 nomine
848 1663 1096 1710 gubernatoris
1127 1665 1315 1703 custodire,
1345 1664 1518 1709 palatium
1550 1664 1672 1698 decani

369 1746 468 1786 adiit,
486 1745 547 1779 ubi
565 1746 813 1780 honestissime
830 1746 1032 1790 hospitatus
1055 1750 1108 1780 est
1123 1756 1132 1786 ;
1152 1747 1214 1780 sed
1231 1746 1386 1780 crastino
1403 1746 1609 1790 episcopum
1627 1746 1673 1780 ad

368 1828 548 1861 ecclesiam
562 1839 581 1861 e
595 1828 717 1862 decani
731 1828 864 1872 palatio
881 1828 990 1868 adire,
1004 1832 1264 1862 tormentorum
1274 1829 1375 1874 jactu
1388 1828 1649 1872 prohibuerunt
1661 1838 1670 1868 3

370 1921 479 1954 quare
497 1910 558 1944 illo
571 1911 628 1944 die
642 1910 767 1944 divina
782 1910 957 1944 celebrare
974 1914 1010 1944 et
1027 1910 1150 1944 audire
1167 1911 1205 1944 in
1218 1911 1341 1944 decani
1359 1911 1492 1955 palatio
1509 1914 1563 1944 est
1580 1921 1673 1944 com-

368 1992 501 2035 pulsus.
546 1991 597 2025 Et
615 1992 749 2026 vocatis
767 1992 954 2031 canonicis,
978 2003 1100 2025 eorum
1118 1992 1354 2026 obedientiam
1376 1993 1518 2036 recepit,
1545 1993 1601 2026 cui
1628 2003 1672 2026 ex

370 2077 445 2106 toto
476 2074 579 2107 corde
603 2073 834 2114 obedierunt3
866 2078 902 2108 et
928 2074 1107 2108 viceversa
1131 2074 1207 2118 ipse
1233 2078 1328 2108 certa
1358 2074 1512 2108 ecclesiae
1537 2078 1673 2108 statuta

371 2166 514 2189 servare
527 2155 676 2201 juravit.
704 2155 836 2190 Postea
847 2155 941 2190 facto
958 2156 1119 2200 prandio,
1132 2156 1219 2200 quid
1232 2155 1411 2190 facturum
1424 2160 1526 2196 esset,
1538 2156 1671 2190 nobiles

368 2241 403 2270 et
429 2237 680 2271 ecclesiasticos
706 2248 825 2271 secum
842 2238 1044 2278 existentes,
1070 2238 1272 2279 consuluit;
1300 2238 1511 2282 quibusdam
1529 2249 1673 2282 respon-

1008 2328 1034 2351 K
