2106 2894
430 367 501 400 118
720 364 983 398 COMPOTUM
1005 364 1234 398 MAGISTRI
1255 365 1457 398 FABRICE

432 476 578 522 cariagii
595 473 756 510 fimiliter
768 480 908 520 portan.
922 476 1052 510 calcem
1069 486 1134 520 per
1150 475 1246 510 idem
1263 480 1404 521 tempus
1422 476 1524 522 xlviij
1541 478 1567 510 ἔ.
1585 486 1610 509 x
1627 473 1662 510 d.
1689 474 1742 510 Et

430 557 603 592 allocatur
615 557 728 591 eidem
746 568 810 602 per
826 557 1076 592 liberacionem
1093 557 1225 592 factam
1243 562 1399 603 quatuor
1416 558 1582 604 cariagiis
1599 561 1740 602 portan.

430 639 599 674 carbones
621 650 643 673 a
660 639 789 674 Pertht
814 640 860 674 ad
878 638 1116 674 Dounkelden
1158 639 1214 674 Ac
1236 639 1318 674 Fud
1345 644 1380 674 et
1398 639 1535 674 Catour
1559 636 1669 674 miffis
1696 640 1742 674 ad

430 721 559 756 Dunde
582 732 648 766 pro
670 721 883 756 carbonibus
902 722 927 768 ij
947 724 973 756 ἔ.
991 722 1028 768 xj
1048 722 1081 756 d.
1133 721 1185 757 Et
1210 723 1383 757 allocatur
1400 723 1515 756 eidem
1532 723 1570 757 in
1588 722 1741 767 empcio-

428 814 509 838 nem
523 808 603 838 octo
615 804 790 838 libranum
803 803 878 838 cebi
892 804 938 838 ad
951 804 1155 850 mittigand.
1168 804 1296 839 umbos
1309 805 1477 839 redarum
1489 805 1514 851 ij
1535 807 1560 838 ἔ.
1576 804 1612 850 vj
1628 802 1662 838 d.
1689 803 1740 838 Et

427 887 599 921 allocatur
616 885 730 920 eidem
755 886 794 919 in
819 886 1038 930 empcionem
1063 887 1218 921 duarum
1244 888 1413 921 cellarum
1440 886 1646 933 biginarum
1672 897 1738 931 pro

427 967 571 1002 veru'dis
588 972 623 1002 et
640 968 856 1001 correctione
877 967 985 1001 unius
1007 968 1154 1012 antique
1179 968 1264 1002 celle
1290 969 1352 1013 viij
1373 965 1408 1002 d.
1460 966 1514 1002 Et
1531 968 1570 1002 in
1587 968 1739 1014 empcio-
1783 988 1785 991 ·

425 1061 506 1085 nem
532 1050 690 1095 quinque
714 1049 901 1094 ciphorum
924 1048 1200 1083 sementinorum
1219 1061 1244 1083 x
1261 1047 1296 1083 d.
1347 1049 1400 1084 Et
1423 1050 1599 1084 allocatur
1623 1050 1738 1085 eidem

423 1143 486 1177 per
509 1132 728 1176 empcionem
753 1131 864 1165 trium
896 1129 1137 1176 capestrorum
1166 1131 1349 1166 deliberat.
1381 1131 1523 1177 Bernys
1549 1132 1614 1166 uni
1641 1133 1738 1166 auri-

421 1226 550 1261 garum
567 1225 633 1259 pro
650 1213 783 1259 quibus
796 1211 1021 1258 respondebit
1039 1214 1077 1259 iij
1094 1216 1120 1247 ἔ.
1150 1212 1202 1247 Et
1215 1225 1281 1258 pro
1294 1214 1537 1248 excoriacione
1548 1212 1736 1249 calsatione

422 1296 696 1331 decorticacione
719 1296 820 1341 pellis
845 1296 919 1341 lyn.
947 1296 1030 1340 equi
1059 1307 1125 1341 pro
1151 1296 1291 1341 pephiis
1322 1296 1541 1330 verudorum
1565 1295 1736 1330 faciendis

419 1379 494 1425 xvij
509 1376 544 1413 d.
595 1378 647 1413 Et
668 1390 734 1424 pro
756 1378 975 1413 confectione
998 1378 1204 1425 hujusmodi
1227 1379 1330 1424 pellis
1354 1380 1392 1413 in
1416 1380 1556 1414 duobus
1574 1377 1622 1414 lie
1637 1391 1736 1427 pan-

418 1457 522 1494 nellis
546 1461 716 1495 cellarum
742 1461 960 1495 verudorum
984 1461 1100 1496 tribus
1126 1460 1269 1506 postelis
1287 1466 1323 1496 et
1340 1461 1479 1496 duobus
1497 1459 1645 1508 fingulis
1668 1473 1734 1507 pro

417 1543 545 1588 quibus
564 1543 704 1588 Bernys
723 1546 759 1576 et
776 1542 898 1577 Sawer
916 1543 1041 1590 aurige
1059 1543 1322 1589 respondebunt
1338 1544 1389 1590 xij
1405 1542 1440 1578 d.
1491 1543 1544 1579 Et
1561 1545 1734 1580 allocatur

417 1627 528 1661 eidem
542 1637 605 1671 per
617 1626 867 1660 liberacionem
881 1625 1013 1660 factam
1027 1627 1127 1672 equis
1140 1627 1339 1661 communis
1351 1627 1499 1673 cariagii
1518 1628 1562 1661 de
1576 1627 1732 1672 Capetht

416 1714 555 1754 portan.
579 1706 689 1743 reikis
711 1714 747 1743 et
758 1706 894 1753 flaiki-s·
912 1709 957 1743 ab
974 1709 1098 1743 eodem
1114 1709 1166 1755 xij
1186 1706 1220 1743 d.
1271 1707 1324 1743 Et
1341 1710 1515 1744 allocatur
1533 1710 1647 1744 eidem
1666 1721 1730 1755 per

414 1792 663 1826 liberacionem
692 1791 825 1826 factam
855 1791 991 1837 aurigis
1023 1802 1045 1825 a
1073 1789 1163 1825 festo
1193 1790 1368 1825 Omnium
1398 1790 1610 1826 Sanctorum
1641 1793 1727 1826 anni

416 1880 474 1909 *tc*
493 1877 528 1908 vc
545 1872 612 1909 xv⁰
630 1875 670 1909 in
686 1872 815 1909 festum
839 1872 1100 1918 purificacionis
1117 1871 1311 1907 beatiffime
1328 1871 1491 1919 Virginis
1509 1873 1626 1908 Marie
1643 1874 1727 1908 inde

414 1955 551 2001 sequen.
575 1967 640 2001 pro
664 1955 819 1990 candelis
843 1955 891 1997 *ad
916 1952 1096 1989 stabulum
1123 1954 1341 1989 verudorum
1366 1933 1422 2000 iifj
1439 1956 1465 1988 ἔ.
1487 1954 1536 2000 vij
1551 1966 1569 1999 3
1587 1952 1621 1988 d.
1674 1954 1726 1989 Et

412 2041 584 2074 allocatur
608 2039 722 2074 eidem
745 2039 783 2073 in
805 2038 1025 2083 empcionem
1042 2038 1201 2083 quinque
1219 2037 1427 2072 cadulorum
1444 2035 1723 2072 sementinorum

413 2122 501 2167 varij
522 2121 630 2167 precij
650 2122 675 2168 ij
696 2123 722 2155 ἔ.
740 2121 803 2167 viij
823 2117 858 2155 d.
909 2118 959 2154 Et
978 2120 1017 2154 in
1038 2120 1254 2155 correctione
1275 2120 1468 2154 eorundem
1494 2131 1559 2164 per
1583 2124 1724 2165 tempus

415 2204 567 2248 compoti
585 2204 623 2249 iij
644 2205 669 2238 ἔ.
682 2203 746 2250 viij
761 2200 796 2238 d.
848 2201 899 2237 Et
919 2202 1093 2237 auocatur
1109 2202 1223 2237 eidem
1244 2213 1308 2247 per
1325 2202 1574 2237 liberacionem
1591 2201 1722 2237 factam
