2044 2906
369 382 411 414 62
530 381 656 413 VITAE
682 379 1019 412 EPISCOPORUM
1044 378 1424 410 DUNKELDENSIU
1430 378 1479 409 M.

361 493 553 540 parochiali
577 492 697 528 Sancti
721 491 891 532 Andreae,
912 495 947 526 et
973 491 1043 525 alia
1068 491 1183 524 multa
1206 490 1386 524 virtutum
1408 499 1525 533 opera.
1561 487 1666 522 Man-

361 576 495 610 sionem
514 574 672 620 ejusdem
690 572 905 618 praebendae,
917 571 1093 617 Magister
1111 570 1290 606 Robertus
1309 570 1464 605 Boswell
1482 574 1667 604 succentor

361 657 507 691 honeste
524 654 714 700 reparavit.

412 899 825 935 PRAEBENDARIUS
850 900 893 933 de
920 898 1054 939 Ruffill,
1079 899 1244 933 dominus
1263 898 1422 932 Thomas
1448 898 1562 944 Lyne,
1586 899 1668 933 licet

361 983 544 1017 minimam
572 983 610 1016 in
636 982 780 1016 ecclesia
805 981 1009 1016 obtinuerat
1034 980 1274 1026 praebendam,
1301 981 1520 1014 domicilium
1547 985 1667 1014 tamen

363 1075 501 1109 semper
528 1064 682 1104 fovebat,
708 1069 744 1098 et
773 1064 943 1098 victualia
966 1063 1181 1108 pauperibus
1208 1063 1309 1109 larga
1339 1074 1450 1096 manu
1473 1062 1667 1097 distribuit.

365 1146 664 1180 Anniversarium
677 1149 889 1190 perpetuum
902 1143 1081 1185 fundavit,
1095 1156 1136 1179 eo
1149 1145 1226 1190 jam
1245 1144 1447 1189 superstite,
1461 1144 1558 1178 omni
1573 1155 1666 1178 anno

370 1228 502 1272 optime
527 1239 592 1273 per
614 1227 712 1262 chori
739 1227 889 1261 vicarios
911 1227 1159 1262 observatum:
1186 1227 1242 1261 cui
1264 1226 1463 1266 succedens,
1490 1226 1666 1272 Magister

363 1310 481 1344 David
503 1309 692 1354 Wauchop
716 1310 754 1344 in
780 1309 929 1344 decretis
955 1309 1168 1350 licentiatus,
1188 1320 1355 1344 mansum
1380 1321 1403 1343 a
1425 1308 1667 1344 fundamentis

363 1393 583 1433 construxit;
611 1393 725 1427 multa
741 1392 834 1427 bona
851 1403 969 1437 opera,
986 1396 1028 1426 ut
1046 1396 1220 1437 speratur,
1238 1392 1268 1426 si
1286 1392 1428 1431 vixerit,
1446 1391 1616 1426 facturus.

415 1637 829 1672 PRAEBENDARIUS
856 1638 1034 1684 Cragyne,
1059 1638 1236 1685 Magister
1252 1638 1276 1672 J
1278 1638 1436 1674 ohannes
1454 1638 1598 1686 Young‚
1616 1640 1669 1674 vi-

366 1720 481 1753 carius
498 1720 541 1753 de
559 1719 690 1759 Drone,
714 1724 749 1754 et
766 1720 1029 1754 commissarius
1048 1720 1204 1754 officialis
1228 1719 1348 1756 Sancti
1365 1720 1524 1756 Andreae
1541 1722 1671 1766 princi-

367 1802 468 1847 palis,
485 1802 542 1835 vir
558 1801 596 1835 in
609 1801 692 1847 jure
709 1801 876 1835 canonico
893 1802 1106 1842 licentiatus,
1129 1803 1289 1846 apprime
1306 1803 1442 1843 doctus,
1460 1809 1495 1838 et
1513 1805 1668 1848 optimus

367 1885 546 1925 textualis,
564 1885 621 1918 vir
637 1885 791 1919 multum
810 1883 962 1918 affabilis
980 1889 1016 1918 et
1033 1884 1200 1919 omnibus
1218 1886 1376 1919 dilectus.

418 2130 832 2167 PRAEBENDARIUS
850 2131 893 2167 de
906 2131 1044 2177 Capeth
1059 2131 1281 2173 Makcathill,
1296 2131 1471 2179 Magister
1488 2132 1511 2167 J
1513 2133 1670 2169 ohannes

372 2214 518 2254 Lacock,
537 2215 592 2248 vir
610 2214 812 2254 fidissimus,
830 2214 984 2249 vicarius
1002 2215 1045 2248 de
1068 2214 1204 2260 Megill,
1227 2215 1391 2249 omnibus
1416 2216 1592 2250 canonicis
1616 2227 1669 2250 re-
