2106 2894
698 372 867 406 PONTIS
889 371 1262 405 DUNKELDENSIS.
1567 375 1635 407 101

332 488 369 521 in
392 498 493 532 yeme
509 486 595 520 anni
613 490 673 520 ‘tc‘
691 487 727 519 v‘
744 486 807 531 xiij
831 486 870 519 in
891 485 1099 529 completam
1123 482 1335 518 solucionem
1353 487 1389 518 et
1404 493 1471 528 pro
1487 480 1637 516 instruc-

331 570 426 604 tione
448 569 486 603 in
508 573 584 603 arte
605 567 696 603 sual
714 571 740 602 ἔ.
759 568 822 614 viij
841 566 876 602 d.
927 566 978 601 Et
1004 567 1176 601 allocatur
1201 567 1315 600 eidem
1341 566 1379 600 in
1405 562 1551 612 singulis
1577 575 1636 598 ex-

328 650 442 696 pensis
462 652 592 697 quibus
614 663 703 697 opus
724 655 802 685 erat
824 648 1011 684 debursare
1033 649 1201 693 pecunias
1224 649 1317 683 circa
1339 646 1635 683 constructionem

329 733 403 768 case
425 732 473 769 lie
495 732 589 780 lwge
611 734 852 768 lathomorum
869 732 906 777 vj
924 732 962 765 li.
979 732 1030 776 xij
1050 733 1076 764 ἕ.
1095 731 1144 776 vij
1164 728 1198 764 d.
1250 730 1302 764 Et
1324 731 1497 765 allocatur
1521 731 1634 764 eidem

326 827 391 860 per
416 816 661 850 liberacionem
693 814 824 849 factam
849 812 1083 848 servientibus
1110 813 1149 846 in
1174 813 1339 857 lapicidio
1365 813 1411 847 ab
1435 814 1635 857 inceptione

326 898 441 943 operis
458 909 528 943 que
542 897 613 931 fuit
630 897 754 943 vigilia
775 894 1023 930 penthecostes
1046 893 1173 930 menfis
1198 895 1287 941 Maij
1313 895 1370 929 die
1387 895 1523 929 decimo
1540 905 1634 928 nono

326 980 409 1014 anni
429 985 489 1014 '’te·
508 981 543 1013 vc
560 979 686 1013 decimi
703 979 742 1012 in
759 979 852 1012 diem
869 978 1045 1012 decimum
1063 978 1232 1021 quintum
1249 976 1455 1011 Decembris
1479 975 1633 1021 ejusdem

326 1062 411 1095 anni
429 1062 562 1106 capien.
581 1061 740 1105 quolibet
756 1061 796 1094 in
812 1059 1007 1104 septimana
1030 1060 1189 1093 modium
1211 1058 1345 1093 fan-ine
1369 1063 1404 1093 et
1426 1063 1506 1093 octo
1529 1059 1636 1093 dena-

325 1145 397 1178 rios
419 1148 559 1177 monete
582 1148 624 1177 ut
647 1147 747 1187 patet
770 1143 808 1177 in
831 1146 995 1186 compoto
1016 1140 1247 1186 expensarum
1264 1140 1398 1175 farrine
1415 1141 1554 1175 reddito
1571 1152 1635 1185 per

324 1223 539 1270 Magistrum
573 1223 774 1258 Johannem
809 1223 931 1258 Lacok
960 1223 1197 1269 graniterium
1227 1223 1364 1257 allocat.
1394 1223 1477 1265 ferr.
1507 1223 1631 1257 facien.

323 1307 412 1340 citra
429 1305 454 1339 J
455 1306 631 1340 ohannem
650 1305 856 1346 Querreour
872 1305 896 1339 J
897 1306 1074 1340 ohannem
1092 1305 1197 1350 Wiys
1222 1310 1258 1340 et
1278 1305 1479 1340 Robertum
1502 1305 1632 1351 Smyth

323 1400 362 1423 ac
385 1387 653 1423 distructionem
678 1390 783 1435 grani
811 1388 956 1435 Georgii
985 1389 1107 1423 Millar
1134 1393 1290 1433 quatuor
1316 1389 1451 1423 celdras
1478 1393 1513 1423 et
1543 1390 1631 1423 duas

323 1471 435 1505 bollas
453 1470 587 1505 farrine
604 1472 643 1505 ix
660 1472 697 1505 li.
714 1472 776 1517 xvj
795 1469 830 1505 d.
882 1471 934 1505 Et
958 1473 1132 1506 allocatur
1157 1472 1271 1506 eidem
1296 1483 1359 1516 per
1382 1471 1630 1506 liberacionem

323 1554 452 1588 factam
473 1554 612 1588 Thome
630 1553 913 1600 Fothringhame
931 1555 1088 1588 venienti
1106 1555 1202 1599 apud
1223 1554 1460 1589 Dounkelden
1483 1555 1526 1589 ad
1551 1553 1631 1589 vifi-

321 1638 471 1671 tandum
488 1636 660 1671 fabricam
677 1638 796 1682 pontis
814 1642 850 1671 et
867 1648 932 1681 pro
944 1635 1006 1670 suo
1020 1634 1162 1671 confilio
1179 1637 1272 1671 circa
1289 1648 1379 1681 opus
1397 1638 1435 1671 in
1454 1637 1629 1671 bibalibus

320 1724 356 1753 et
373 1717 532 1764 expenfis
550 1718 691 1754 absente
709 1720 853 1754 domino
871 1724 907 1753 et
924 1718 1039 1753 secum
1057 1717 1202 1753 existen.
1221 1719 1378 1754 Patricio
1399 1718 1545 1753 Masone
1562 1731 1587 1753 x
1605 1723 1629 1753 ἔ.

317 1801 368 1835 Et
395 1802 567 1836 allocatur
594 1802 709 1836 eidem
737 1813 800 1847 per
825 1801 1073 1836 liberacionem
1097 1801 1256 1835 Johanni
1282 1800 1404 1846 Wiyse
1430 1802 1579 1846 lapicide
1606 1814 1628 1836 a

318 1881 487 1930 vigefimo
513 1884 642 1929 quinto
666 1884 769 1918 Junii
794 1885 833 1918 in
859 1895 953 1918 anno
980 1883 1115 1917 domini
1140 1881 1326 1918 millefimo
1346 1877 1628 1930 quingentesimo

319 1952 467 2000 decimo
481 1967 520 2000 in
544 1965 732 2011 septimum
758 1966 849 2001 Julii
872 1965 1028 2012 ejusdem
1045 1966 1130 2000 anni
1147 1967 1281 2011 capien.
1300 1967 1338 2000 in
1355 1965 1553 2011 septimana
1570 1966 1628 2000 sex

318 2046 446 2082 solidos
464 2053 500 2083 et
517 2050 701 2084 extenden.
719 2050 764 2084 ad
783 2050 872 2084 duas
889 2048 1101 2094 septimanas
1125 2049 1174 2094 xij
1195 2051 1222 2082 ἓ.
1272 2047 1325 2082 Et
1347 2049 1460 2083 eidem
1483 2053 1568 2082 tunc
1589 2049 1627 2081 in

257 2142 262 2146 ·
319 2131 608 2167 reformacionem
626 2131 675 2167 lie
688 2131 763 2167 Pik
779 2134 843 2179 viij
862 2131 896 2167 d.
944 2132 995 2167 Et
1011 2133 1126 2167 eidem
1145 2132 1319 2166 conducto
1337 2143 1359 2165 a
1375 2130 1523 2175 septimo
1540 2130 1563 2163 J
1565 2131 1630 2164 ulii

317 2215 475 2257 predicto
497 2212 535 2248 in
559 2216 708 2249 eundem
730 2216 825 2250 diem
846 2227 940 2254 anno
961 2216 1133 2253 revoluto.
1151 2225 1179 2248 s.
1198 2215 1237 2247 in
1256 2224 1349 2247 anno
1367 2213 1502 2247 domini
1519 2213 1631 2247 mille-

959 2306 982 2329 Ο
