2044 2906
345 394 385 426 72
527 392 652 423 VITAE
678 391 1015 424 EPISCOPORUM
1040 391 1474 423 DUNKELDENSIUM.

395 585 592 620 GAVINO
612 583 875 624 DOWGLAS,
891 584 969 618 viro
986 574 1133 624 illustri,
1149 583 1300 618 Comitis
1318 582 1494 630 Angusiae
1512 588 1651 628 patruo,

344 668 559 714 theologiam
583 672 618 702 et
639 677 789 701 canones
807 666 967 711 apprime
984 666 1099 707 docto,
1117 666 1312 712 ingenioso,
1329 665 1523 710 praeposito
1547 666 1653 699 eccle-

343 750 406 783 siae
423 749 517 783 beati
534 748 664 795 Egidii
682 749 725 783 de
743 748 971 794 Edinburgh,
990 752 1025 782 et
1042 748 1170 782 rectori
1183 748 1227 782 de
1241 747 1401 782 Hawche
1416 758 1426 788 ς
1451 747 1552 793 cujus
1570 758 1651 781 con-

343 842 465 866 sensus
476 835 669 876 praetextu,
685 835 720 865 et
731 835 772 865 ut
785 831 931 876 quidam
946 831 1082 870 volunt,
1098 830 1354 874 supplicatione
1368 829 1479 876 Regis
1492 829 1649 876 Angliae,

342 913 380 946 in
393 913 595 956 episcopum
610 911 899 946 Dunkeldensem
914 922 977 956 per
991 910 1148 945 Leonem
1163 910 1299 955 Papam
1313 911 1489 945 decimum
1503 916 1556 945 est
1569 923 1650 956 pro-

341 997 459 1028 motus
475 1002 483 1026 ε
524 992 644 1033 Quare
670 993 707 1027 in
738 993 856 1038 prima
883 993 1038 1026 sessione
1062 997 1143 1037 post
1168 992 1416 1038 gubernatoris
1443 993 1649 1033 adventum,

341 1079 485 1109 vocatus
504 1079 676 1120 tanquam
695 1073 862 1108 infrictor
880 1078 1098 1109 statutorum
1114 1073 1358 1114 parliamenti,
1376 1074 1538 1108 omnium
1552 1075 1651 1120 judi-

340 1157 393 1191 cio
423 1157 683 1202 praescriptioni
710 1161 764 1191 est
794 1157 1018 1203 adjudicatus
1034 1166 1044 1197 ;
1085 1161 1121 1190 et
1151 1156 1229 1190 ideo
1260 1156 1454 1190 venerabili
1484 1157 1578 1201 patri
1609 1157 1647 1190 in

340 1238 494 1279 Christo,
512 1238 535 1272 J
537 1239 670 1273 ohanni
691 1238 898 1284 Hepburne,
916 1239 1027 1284 priori
1046 1239 1200 1273 ecclesiae
1218 1239 1413 1283 primitivae
1431 1238 1552 1273 Sancti
1570 1238 1648 1273 An-

338 1322 444 1361 dreae,
468 1322 550 1355 sede
574 1321 733 1367 ejusdem
755 1325 915 1361 vacante,
937 1321 1070 1356 vicario
1095 1321 1253 1368 generali
1276 1326 1330 1355 est
1354 1322 1644 1362 commendatus3

338 1403 454 1447 primo
472 1403 509 1436 in
528 1402 656 1437 Castro
674 1402 892 1444 Puellarum,
912 1403 1038 1437 deinde
1055 1404 1093 1437 in
1111 1407 1227 1438 castro
1252 1402 1373 1437 Sancti
1390 1402 1558 1444 Andreae,
1576 1408 1647 1438 ter-

338 1485 388 1518 tio
406 1485 443 1518 in
467 1489 583 1518 castro
601 1484 764 1525 Dunbar,
782 1489 818 1519 et
835 1485 963 1519 ultimo
985 1485 1023 1519 in
1042 1485 1169 1519 Castro
1193 1484 1412 1525 Puellarum,
1430 1497 1493 1530 per
1510 1497 1644 1520 annum

337 1571 372 1600 et
398 1567 504 1606 ultra,
531 1571 585 1601 est
609 1567 757 1601 carceris
782 1567 953 1601 custodiae
977 1567 1211 1612 mancipatus.
1251 1567 1357 1607 Quod
1381 1567 1522 1613 Regina
1548 1579 1643 1613 aegre

337 1647 464 1688 ferens,
479 1659 561 1682 cum
575 1648 782 1683 Alexandro
800 1649 944 1683 domino
959 1648 1090 1683 mee
1108 1660 1239 1695 magno
1257 1650 1450 1683 camerario
1468 1650 1645 1689 convenit,

337 1734 378 1763 ut
404 1730 441 1763 in
472 1730 549 1775 ejus
578 1730 739 1764 custodia
765 1730 890 1764 fierent
918 1730 1008 1771 Rex,
1038 1735 1074 1765 et
1100 1730 1212 1765 frater
1236 1731 1313 1777 ejus
1339 1726 1545 1765 Alexander
1571 1732 1645 1765 dux

338 1811 487 1850 Rossiae,
502 1809 567 1845 διε.
586 1811 655 1845 Die
672 1815 808 1846 statuto
822 1812 919 1845 misit
934 1812 1148 1846 camerarius
1159 1813 1254 1856 apud
1268 1816 1423 1846 castrum
1438 1811 1644 1859 Striveling‚

336 1897 372 1926 et
395 1903 513 1927 secum
531 1893 673 1939 collegit
694 1894 790 1939 apud
809 1892 927 1927 Peblis
945 1904 1117 1939 magnum
1134 1894 1352 1934 exercitum3
1380 1894 1475 1938 quod
1497 1895 1643 1928 audiens

336 1975 503 2009 dominus
519 1974 751 2021 gubernator,
769 1986 849 2009 cum
868 1975 1021 2009 dominis
1039 1980 1074 2009 et
1091 1975 1318 2021 magnatibus
1336 1976 1450 2022 regni,
1468 1987 1511 2010 ex
1530 1975 1644 2010 Edin-

335 2056 449 2102 burgo
472 2067 597 2091 versus
616 2056 737 2091 Peblis
759 2057 907 2102 equitat,
934 2062 970 2091 et
987 2057 1170 2092 dominum
1189 2057 1367 2104 Flemyng
1389 2058 1435 2092 ad
1458 2058 1644 2093 Strivelin-

334 2149 442 2184 gense
459 2143 616 2173 castrum
637 2139 737 2174 misit
751 2149 761 2180 ;
779 2139 841 2173 ubi
862 2139 977 2173 adhuc
995 2144 1096 2173 erant
1110 2139 1189 2173 Rex
1206 2144 1242 2174 et
1259 2139 1370 2174 frater
1387 2140 1464 2186 ejus
1485 2141 1644 2174 nondum

335 2219 528 2254 deliberati.
558 2219 692 2254 Postea
708 2231 793 2254 vero
812 2220 906 2254 infra
929 2220 1046 2261 breve,
1065 2220 1205 2268 Regina
1222 2232 1301 2255 cum
1320 2222 1447 2256 comite
1464 2221 1645 2267 Angusia-
