2044 2906
151 1943 193 1973 A.
210 1942 250 1973 D.
268 1940 362 1972 1514.

377 354 421 385 54
557 351 685 383 VITAE
710 349 1048 382 EPISCOPORUM
1071 347 1508 380 DUNKELDENSIUM.

378 468 472 499 mate
497 468 533 498 et
558 468 696 498 catarro
720 461 923 501 fluentibus,
949 460 1138 507 agonizare
1161 459 1317 503 incepit3
1345 459 1407 492 sed
1432 463 1553 492 tamen
1576 457 1680 492 fortis

378 547 508 586 animo,
533 556 605 579 non
630 543 768 578 sinebat
792 542 936 587 aliquod
960 541 1199 580 immundum,
1227 551 1291 585 per
1317 541 1449 580 oculos,
1473 550 1589 579 nares,
1615 544 1679 573 aut

378 638 442 672 per
466 637 505 660 os
533 625 696 664 defluere,
721 624 809 669 quin
835 623 989 668 propriis
1016 622 1181 657 manibus
1209 621 1386 662 abstersit,
1415 621 1614 656 moriturus
1640 625 1683 655 ut

380 708 471 741 vixit
487 705 647 752 pontifex
663 704 935 740 honestissimus
949 713 958 737 t
985 703 1037 738 Et
1053 704 1226 748 impedita
1241 714 1305 748 per
1322 703 1477 737 nimium
1503 706 1683 737 catarrum

381 789 526 823 robusta
548 788 697 833 loquela,
724 785 893 821 Crucifixi
915 785 1121 832 ymaginem
1146 785 1192 819 ad
1217 785 1323 830 pedes
1348 785 1526 830 depictam
1551 785 1680 819 devoto

380 871 484 904 vultu
497 873 533 904 et
546 869 721 903 submissa
734 879 818 902 voce
830 867 947 902 oravit
959 867 1138 902 continuo.
1161 865 1266 901 Tunc
1278 867 1455 901 orationes
1469 878 1552 912 quae
1566 867 1604 901 in
1625 878 1685 901 ex-

380 951 435 986 itu
447 950 635 984 hominum
648 950 717 983 dici
730 949 844 983 solent
857 948 1092 993 persolvimus
1105 958 1115 988 ;
1135 948 1317 982 candelam
1335 948 1591 982 sanctificatam
1608 959 1685 982 ma-

381 1043 432 1066 nu
448 1031 623 1076 pontificis
640 1031 824 1076 posuimus
837 1040 846 1071 ;
861 1041 945 1075 ‘qua
962 1034 1115 1074 accepta,
1133 1029 1300 1074 spiritum
1314 1013 1392 1064 Deo
1409 1030 1673 1070 commendans,

381 1114 482 1154 dixit,
501 1117 521 1132 ‘⁵
536 1113 580 1147 In
597 1124 724 1147 manus
742 1117 834 1153 tuas,
852 1112 1036 1152 Domine,''
1062 1110 1126 1145 ἀεὶ.
1162 1110 1303 1145 Catarri
1321 1110 1423 1146 fluxu
1441 1112 1684 1151 continuante,

382 1196 536 1239 psalmos
559 1195 776 1239 passionum,
800 1194 994 1240 evangelia,
1015 1194 1195 1228 rosarium
1217 1192 1332 1227 beatae
1354 1193 1518 1239 virginis,
1543 1198 1685 1228 orantes

382 1276 548 1309 diximus.
600 1274 652 1309 Et
676 1286 757 1309 cum
777 1285 866 1320 pene
890 1285 912 1308 a
934 1278 1073 1309 catarro
1103 1278 1195 1309 esset
1218 1274 1425 1314 suffocatus,
1452 1275 1584 1308 etenim
1609 1274 1687 1320 jam

383 1361 566 1391 mortuum
573 1357 796 1396 credidimus,
802 1367 931 1390 manus
942 1357 1125 1396 extollens,
1132 1361 1167 1390 et
1181 1356 1290 1390 simul
1299 1356 1468 1402 jungens,
1479 1356 1688 1391 crucifixum

384 1439 538 1478 intuens,
552 1438 778 1472 devotissime
791 1437 895 1472 bassa
908 1448 992 1472 voce
1009 1438 1126 1472 oravit
1139 1447 1148 1478 3
1168 1442 1204 1472 et
1221 1441 1302 1482 post
1315 1438 1503 1482 paululum
1517 1449 1561 1472 ex
1579 1439 1690 1473 oculis

385 1522 541 1565 squamis
553 1522 666 1567 nigris
680 1520 883 1561 fluentibus,
897 1520 1023 1554 levatis
1037 1520 1214 1560 manibus,
1228 1520 1390 1565 proprios
1405 1521 1524 1554 oculos
1539 1521 1689 1562 clausit3

389 1608 423 1637 et
436 1603 529 1637 facto
542 1604 581 1637 in
595 1607 735 1647 pectore
749 1603 862 1637 crucis
880 1602 994 1648 signo,
1010 1601 1302 1646 permanentibus
1317 1612 1436 1637 secum
1455 1602 1556 1636 nobis
1571 1607 1607 1638 et
1620 1603 1692 1637 dic-

389 1689 427 1718 to
445 1684 602 1719 Roberto
619 1684 765 1724 Brown,
783 1684 991 1729 caeterisque
1008 1684 1087 1718 fidis
1104 1683 1348 1725 servitoribus,
1366 1685 1638 1731 consanguineis
1656 1691 1692 1720 et

391 1765 554 1800 affinibus
560 1766 716 1811 reliquis,
724 1766 982 1800 conservationi
995 1765 1169 1800 boxarum
1181 1770 1217 1800 et
1227 1766 1403 1810 pecudum
1414 1767 1694 1807 intendentibus,

393 1848 449 1881 die
462 1848 570 1888 lunae,
583 1847 652 1881 viz.
665 1847 801 1881 decimo
814 1851 943 1892 quarto
956 1847 1013 1881 die
1023 1847 1155 1881 mensis
1168 1846 1192 1881 J
1194 1848 1344 1888 anuarii,
1359 1858 1452 1882 anno
1466 1848 1601 1883 domini
1615 1849 1695 1883 mil—

397 1929 520 1962 lesimo
536 1928 822 1974 quingentesimo
839 1928 975 1963 decimo
988 1932 1127 1973 quarto,
1145 1932 1181 1963 et
1198 1929 1300 1975 regni
1314 1928 1337 1962 J
1339 1928 1437 1963 acobi
1456 1929 1583 1969 Quinti
1601 1941 1695 1965 anno

396 2010 560 2050 secundo,
571 2014 607 2045 et
624 2021 700 2045 suae
717 2010 834 2045 aetatis
851 2011 1113 2057 septuagesimo
1131 2015 1242 2052 sexto,
1256 2010 1472 2046 obdormivit
1489 2012 1527 2046 in
1541 2013 1695 2047 domino.

446 2173 587 2208 NUNC
606 2178 796 2219 antequam
814 2175 857 2210 de
878 2173 1112 2222 [successore]
1135 2175 1298 2217 scribam,
1316 2181 1527 2212 narraturus
1545 2177 1695 2223 dignum
