2106 2894
751 377 920 412 PONTIS
941 380 1306 413 DUNKELDENSIS.
1614 388 1683 420 135

380 501 443 534 per
459 491 676 535 empcionem
702 491 832 537 viginti
854 491 1031 527 ferrorum
1054 503 1253 538 vangarum
1277 503 1340 537 per
1363 497 1503 537 tempus
1529 495 1683 538 compoti

379 573 442 618 xiij
467 575 493 606 ἔ.
545 571 597 606 Et
625 573 665 606 in
694 574 911 618 empcionem
941 574 1143 619 quindecim
1173 574 1350 608 serrorum
1378 574 1592 609 tribulorum
1620 587 1683 620 per

375 735 608 769 ducentorum
634 736 875 781 quadraginta
896 737 1079 770 clavorum
1097 747 1162 780 pro
1180 734 1227 770 lie
1244 735 1398 771 centreis
1414 737 1459 772 ab
1475 737 1683 772 Alexandro

372 814 472 848 fabro
490 815 533 848 de
560 815 777 861 Slogynhole
800 816 918 860 precio
936 816 960 862 ij
981 817 1006 849 ἔ.
1025 795 1077 861 iiij
1097 813 1131 849 d.
1182 815 1234 850 Et
1251 817 1289 850 in
1306 816 1477 851 fractione
1495 823 1530 852 et
1547 818 1682 853 confec-

371 895 466 930 tione
489 897 728 943 quadraginta
753 898 905 931 duorum
929 895 1143 932 frustrorum
1170 897 1256 932 ferri
1279 898 1317 932 in
1339 899 1447 932 clavis
1465 896 1514 932 lie
1530 898 1681 933 centreis

370 986 405 1015 et
432 982 542 1016 clavis
569 993 742 1027 equorum
772 994 837 1027 per
866 988 1007 1027 tempus
1037 983 1191 1027 compoti
1217 983 1319 1028 xxiiij
1345 994 1372 1016 s.
1397 982 1439 1055 voj
1452 980 1486 1016 d.
1538 982 1589 1017 Et
1615 994 1679 1027 pro

370 1062 531 1096 acutione
548 1062 724 1097 serrorum
742 1060 789 1097 lie
803 1061 965 1110 prenteis
982 1075 1045 1108 per
1062 1068 1203 1108 tempus
1220 1063 1374 1107 compoti
1391 1063 1444 1108 iiij
1461 1074 1487 1097 s.
1525 1062 1577 1097 Et
1590 1064 1676 1098 allo-

368 1149 469 1178 catur
492 1145 605 1179 eidem
629 1157 694 1190 pro
711 1145 929 1180 confectione
946 1150 1102 1190 quatuor
1118 1145 1295 1179 ferrorum
1314 1144 1443 1189 Diykis
1462 1155 1528 1189 pro
1545 1145 1675 1190 quibus

370 1224 593 1270 respondebit
611 1238 651 1260 ac
669 1227 884 1261 correctione
902 1228 1053 1262 aliorum
1071 1231 1107 1260 et
1123 1226 1300 1261 serrorum
1315 1225 1446 1260 Aisone
1460 1238 1523 1271 per
1536 1231 1676 1272 tempus

368 1309 522 1352 compoti
539 1309 629 1358 xviij
651 1306 686 1342 d.
737 1308 789 1343 Et
815 1309 928 1343 eidem
954 1321 1019 1354 pro
1046 1309 1263 1344 confectione
1286 1309 1395 1343 clavis
1418 1306 1524 1343 hostii
1546 1307 1674 1344 stabuli

368 1392 553 1426 exterioris
581 1403 626 1426 ex
652 1397 754 1437 parte
780 1391 925 1427 australi
952 1404 1042 1438 aque
1068 1372 1119 1439 i‘i'ij
1140 1391 1174 1427 d.
1226 1392 1278 1427 Et
1302 1394 1474 1427 allocatur
1497 1393 1611 1427 eidem
1635 1394 1673 1427 in

367 1474 621 1509 confectionem
640 1475 873 1510 ducentorum
890 1476 1129 1521 quadraginta
1147 1465 1329 1509 clavornm
1347 1474 1590 1509 confectorum
1607 1486 1673 1520 pro

367 1554 481 1590 hostio
497 1557 600 1591 navis
618 1555 755 1591 ecclefie
774 1557 1009 1592 Dounkelden
1028 1568 1072 1591 ex
1089 1561 1190 1602 parte
1208 1557 1340 1591 boreali
1359 1557 1402 1590 de
1416 1557 1565 1602 antiquo
1578 1556 1672 1591 ferro

365 1639 483 1683 precio
500 1639 549 1685 xij
569 1637 603 1673 d.
655 1639 706 1673 Et
723 1650 789 1684 pro
806 1639 1025 1674 confectione
1043 1643 1197 1684 quatuor
1214 1637 1262 1673 lie
1274 1636 1429 1684 strailcis
1449 1639 1493 1673 de
1514 1638 1611 1673 ferro
1627 1640 1672 1673 ad

364 1717 411 1753 lie
428 1718 562 1754 extreis
578 1698 630 1766 iiij
646 1718 680 1754 d.
724 1720 776 1755 Et
792 1732 858 1766 pro
875 1721 1089 1755 correctione
1102 1718 1150 1754 lie
1154 1718 1318 1767 stapillis
1330 1725 1366 1754 et
1378 1717 1426 1753 lie
1428 1717 1549 1763 stottis
1565 1717 1668 1765 hostij

364 1802 571 1846 campanilis
601 1802 637 1847 vj
664 1800 699 1836 d.
754 1802 807 1837 Et
837 1814 903 1847 pro
934 1803 1148 1837 correctione
1174 1802 1359 1837 duodecim
1384 1799 1432 1835 lie
1456 1798 1671 1835 doulbandis

362 1884 398 1928 vj
413 1882 447 1917 d.
490 1883 541 1917 Et
558 1885 731 1918 allocatur
747 1885 966 1930 compotanti
984 1895 1048 1929 per
1064 1884 1313 1918 liberacionem
1330 1883 1461 1918 factam
1474 1883 1669 1918 Willielmo

361 1965 565 2006 Leirmond,
587 1977 654 2011 pro
674 1966 778 2001 firma
800 1967 927 2001 domus
949 1966 1009 2001 sue
1032 1968 1077 2001 ad
1094 1965 1349 2001 conservandas
1368 1977 1498 2000 avenas
1517 1966 1666 2000 verudo·

362 2058 443 2081 rum
467 2059 533 2092 pro
558 2048 712 2083 dimedio
735 2049 820 2083 anni
842 2060 868 2082 x
886 2051 912 2083 ἔ.
963 2048 1015 2083 Et
1032 2048 1227 2083 Willielmo
1245 2048 1453 2082 Wichtman
1475 2058 1541 2092 pro
1564 2047 1666 2081 firma

360 2127 488 2163 stabuli
514 2140 558 2163 ex
583 2128 729 2165 australi
754 2135 855 2175 parte
883 2142 973 2176 aque
998 2131 1041 2165 de
1065 2130 1169 2175 Taya
1191 2131 1234 2164 de
1258 2129 1395 2164 duobus
1419 2128 1579 2163 terminis
1598 2129 1664 2173 vi3.

359 2209 607 2246 Penthecostes
631 2216 666 2245 et
690 2211 810 2247 Sancti
836 2212 985 2247 Mertini
1008 2213 1046 2246 in
1069 2212 1196 2257 hyeme
1216 2212 1254 2245 in
1273 2222 1366 2245 anno
1386 2216 1443 2245 'tc‘
1464 2211 1499 2243 vc
1515 2210 1666 2245 decimo-
