2106 2894
741 396 905 430 PONTIS
929 397 1302 431 DUNKELDENSIS.
1596 404 1664 436 131

407 506 645 542 EXPENSE
668 507 822 554 ejusdem
862 509 906 543 In
923 510 1049 554 primis
1067 511 1239 545 allocatur
1257 510 1485 555 Compotanti
1503 520 1565 555 per
1581 510 1667 544 libe-

357 589 533 623 racionem
547 590 678 624 factam
692 590 889 625 Willielmo
903 591 1147 638 Rodinghaim
1161 591 1316 638 Georgio
1328 592 1468 637 Bernys
1480 596 1517 626 et
1528 591 1666 626 Thome

358 669 559 706 Thomsone
583 673 718 718 aurigis
742 685 782 707 ac
803 674 882 707 aliis
900 674 938 707 in
957 674 1151 708 eorundem
1168 675 1254 708 locis
1272 675 1317 708 ad
1336 675 1556 708 voluntatem
1575 685 1668 708 com-

357 754 514 795 potantis
537 754 684 788 mutatis
707 765 771 798 per
794 759 935 798 tempus
959 756 1114 799 compoti
1137 767 1159 788 a
1181 753 1448 800 vigefimosexto
1466 756 1522 790 die
1539 754 1666 790 menfis

356 833 571 869 Novembris
588 833 757 869 inclufive
781 846 875 869 anno
893 840 953 870 *tc*
972 837 1008 870 ve
1025 836 1288 880 decimoquinto
1306 837 1344 870 in
1362 837 1456 870 diem
1474 838 1666 871 decimum-

355 927 488 950 nonum
507 914 635 951 menfis
654 916 819 951 Octobris
837 915 1006 951 inclufive
1029 929 1122 952 anno
1140 923 1200 952 *tc*
1219 919 1255 952 vc
1272 917 1506 952 decimosexto
1531 920 1665 963 capien.

358 998 517 1042 quolibet
534 1010 597 1042 per
615 1010 748 1033 annum
767 999 927 1033 modium
941 999 1075 1033 farrine
1093 1000 1131 1033 in
1147 999 1343 1044 septimana
1360 1004 1396 1034 et
1408 1001 1669 1047 quinquaginta

359 1078 486 1113 solidos
513 1079 551 1112 in
578 1090 672 1113 anno
697 1058 748 1125 iioi}
769 1080 805 1113 li.
824 1080 887 1125 xiij
909 1083 934 1113 ἔ.
986 1080 1037 1114 Et
1055 1092 1076 1114 a
1093 1081 1188 1114 dicto
1206 1081 1437 1114 decimonono
1461 1082 1518 1115 die
1540 1080 1667 1116 menfis

360 1161 525 1196 Octobris
552 1160 725 1196 exclufive
756 1164 793 1196 in
820 1163 913 1197 diem
944 1162 1114 1207 presentis
1145 1164 1300 1208 compoti
1329 1162 1498 1198 inclufive
1529 1164 1667 1199 Thome

361 1244 482 1278 Sawer
512 1249 548 1278 et
573 1244 770 1278 Willielmo
801 1244 1043 1290 Rodinghaim
1076 1246 1211 1290 aurigis
1243 1246 1463 1290 capientibus
1494 1251 1535 1280 ut
1564 1245 1670 1291 supra

358 1326 469 1371 xxxvj
490 1328 515 1359 ἒ.
534 1326 572 1371 iij
593 1323 626 1359 d.
678 1325 731 1360 Et
748 1327 920 1360 allocatur
938 1327 1052 1360 eidem
1070 1338 1133 1371 per
1150 1327 1399 1361 liberacionem
1421 1327 1552 1362 factam
1570 1328 1669 1363 Wal-

357 1413 434 1442 tero
452 1408 532 1441 Duf
550 1409 773 1452 carpentario
790 1419 855 1453 pro
874 1408 1090 1443 confectione
1108 1410 1230 1443 axium
1248 1409 1431 1444 Redarum
1448 1421 1511 1454 per
1528 1415 1668 1455 tempus

359 1491 512 1534 compoti
531 1490 580 1535 vij
602 1493 626 1523 ἔ.
645 1501 669 1523 x
687 1488 721 1524 d.
773 1490 825 1524 Et
849 1490 1030 1535 Stephano
1054 1490 1232 1537 Lindesay
1249 1503 1313 1536 pro
1331 1493 1497 1526 ductione
1515 1493 1666 1526 duorum

360 1572 511 1606 millium
536 1576 678 1606 centum
701 1577 737 1607 et
758 1577 913 1617 quatuor
937 1584 1086 1607 onerum
1110 1585 1300 1608 arenarum
1324 1585 1387 1619 per
1410 1575 1503 1609 idem
1528 1579 1668 1619 tempus

358 1653 476 1697 precio
507 1654 624 1687 oneris
652 1654 776 1688 obolus
803 1655 990 1688 extenden.
1024 1655 1063 1688 in
1091 1655 1192 1689 totali
1217 1656 1368 1699 pecunia
1392 1656 1437 1690 ad
1460 1635 1511 1701 iiij
1532 1656 1568 1689 li.
1587 1657 1622 1701 vj
1643 1659 1668 1689 ἓ.

358 1747 383 1769 x
400 1733 434 1769 d.
486 1735 538 1770 Et
561 1737 733 1770 allocatur
756 1736 869 1770 eidem
893 1737 932 1770 in
957 1738 1175 1781 empcionem
1193 1742 1348 1782 quatuor
1366 1739 1563 1772 celdrarum
1582 1739 1668 1773 duo-

358 1818 471 1851 decim
498 1818 674 1851 bollarum
697 1822 732 1851 et
755 1819 863 1852 unius
881 1819 990 1864 modij
1006 1830 1201 1853 avenarum
1220 1821 1264 1854 ad
1283 1821 1429 1854 veredos
1448 1809 1537 1866 varij
1557 1822 1665 1866 precij

356 1899 406 1944 xij
426 1899 463 1933 li.
481 1900 519 1933 ix
531 1897 566 1932 d.
609 1898 662 1933 Et
678 1900 715 1933 in
734 1900 952 1944 empcionem
971 1905 1049 1934 octo
1066 1900 1241 1935 bollarum
1260 1899 1307 1935 lie
1324 1900 1415 1936 bran
1433 1914 1498 1947 pro
1515 1903 1666 1947 panibus

357 1980 536 2026 pinsandis
554 1982 699 2016 verudis
722 1993 786 2026 per
802 1986 943 2026 tempus
962 1984 1116 2027 compoti
1135 1984 1195 2029 xvj
1217 1986 1241 2017 ἔ.
1294 1984 1346 2019 Et
1364 1986 1535 2019 allocatur
1552 1986 1664 2019 eidem

356 2064 394 2096 in
412 2064 631 2107 empcionem
645 2064 885 2110 quadraginta
901 2063 1032 2109 septem
1052 2063 1100 2099 lie
1118 2062 1293 2099 barrowis
1305 2066 1490 2111 virgarum
1508 2078 1574 2110 pro
1590 2066 1665 2112 ges-

355 2145 473 2178 tandis
491 2145 668 2188 lapidibus
682 2147 775 2180 circa
792 2151 936 2190 pontem
955 2158 1019 2191 per
1036 2151 1178 2191 tempus
1197 2148 1350 2191 compoti
1369 2148 1430 2193 viij
1451 2149 1476 2181 ἔ.
1495 2159 1519 2181 ν
1535 2146 1569 2182 d.
1612 2148 1663 2183 Et

355 2227 391 2260 in
406 2227 624 2271 empcionem
643 2228 754 2261 trium
773 2225 820 2261 lie
837 2226 1015 2262 bellebras
1032 2230 1077 2263 ad
1091 2230 1243 2263 verudos
1258 2229 1292 2274 vj
1309 2230 1334 2262 ἔ.
1353 2240 1418 2273 pro
1432 2241 1505 2264 una
1515 2230 1663 2276 chopeta
