2044 2906
580 413 706 444 VITAE
732 412 1073 444 EPISCOPORUM
1097 411 1531 443 DUNKELDENSIUM.
1661 411 1703 443 63

398 526 556 570 ceptione
579 525 706 559 senior.
751 523 822 558 Hic
839 524 906 564 vir,
926 523 1007 558 licet
1027 534 1100 557 non
1120 510 1245 557 multis
1268 521 1427 556 abundat
1449 522 1698 557 beneficiorum

393 607 651 647 emolumentis,
661 606 833 640 familiam
847 612 967 640 tamen
984 605 1180 639 amicorum
1198 605 1285 639 satis
1302 605 1441 651 largam
1452 604 1575 646 fovet3
1594 606 1633 639 in
1642 610 1696 639 ta-

393 689 477 723 bula
490 690 595 723 vultu
607 689 712 722 hilari
726 688 919 722 convivans
934 697 943 721 :
961 687 1131 721 Mansum
1149 698 1255 721 suum
1266 698 1288 721 a
1300 687 1418 732 primo
1435 687 1553 733 lapide
1570 688 1695 722 clausit

393 777 428 806 et
451 771 661 811 construxit,
678 770 926 804 fundationem
947 769 1151 814 capellaniae
1170 768 1291 803 Sancti
1311 768 1424 809 Petri,
1442 780 1505 814 per
1528 774 1697 814 patruum

392 864 497 887 suum
520 852 705 887 dominum
727 851 900 886 Jacobum
929 851 1050 885 Lacok
1074 851 1322 885 cancellarium
1350 850 1551 892 fundatam,
1577 862 1696 885 annuo

392 946 499 970 censu
516 935 646 982 viginti
665 935 859 969 solidorum
877 934 989 967 auxit.

441 1177 853 1213 PRAEBENDARIUS
871 1177 979 1218 Crief,
992 1177 1168 1224 Magister
1179 1177 1387 1213 Alexander
1397 1177 1584 1218 Monereif,
1596 1190 1695 1213 man-

390 1271 470 1295 sum
487 1260 687 1305 praebendae
705 1272 792 1301 suae,
806 1264 889 1295 ante
906 1260 983 1307 ejus
1001 1260 1272 1305 promotionem,
1283 1261 1322 1294 in
1339 1271 1425 1294 usus
1440 1259 1591 1307 Georgei
1604 1262 1695 1305 epis-

390 1343 468 1387 copi
486 1343 714 1388 applicatum,
732 1343 896 1388 episcopo
913 1354 950 1376 se
967 1343 1006 1376 in
1023 1342 1090 1376 hoc
1107 1353 1191 1376 casu
1208 1343 1365 1387 capitulo
1382 1342 1624 1383 submittente,
1642 1353 1695 1375 re-

387 1426 581 1469 cuperavit,
599 1429 635 1459 et
652 1437 673 1459 a
690 1424 932 1459 fundamentis
951 1425 1077 1458 clausit
1095 1429 1131 1459 et
1148 1426 1357 1459 construxit.

438 1668 852 1703 PRAEBENDARIUS
878 1670 921 1703 de
945 1669 1147 1709 Menmure,
1165 1669 1342 1715 Magister
1359 1669 1541 1704 VValterus
1563 1669 1691 1710 Leshe,

388 1754 503 1784 rector
526 1751 570 1784 de
592 1750 694 1784 Blair
717 1751 755 1784 in
781 1749 942 1791 Athona,
966 1755 1002 1784 et
1027 1751 1120 1784 sedis
1144 1750 1408 1785 Dunkeldensis
1430 1751 1692 1785 commissarius

387 1831 585 1877 generalis;
610 1832 667 1865 vir
684 1843 728 1865 ex
741 1836 893 1876 utroque
906 1837 1052 1877 parente
1070 1832 1209 1873 nobilis,
1223 1833 1285 1867 sed
1299 1844 1364 1867 sua
1380 1834 1554 1878 sapientia
1571 1839 1606 1867 et
1623 1834 1692 1867 elo-

385 1913 532 1957 quentia
561 1913 714 1947 multum
746 1913 922 1954 nobilior;
960 1925 1127 1948 mansum
1156 1925 1261 1948 suum
1292 1915 1438 1949 omnino
1468 1915 1628 1949 dirutum
1656 1920 1691 1949 et

389 1999 531 2028 vastum
550 2006 654 2029 muro
678 1996 849 2029 conclusit
866 1996 1015 2040 lapideo,
1033 2001 1069 2030 et
1089 1997 1210 2030 omnia
1233 1997 1305 2031 illic
1322 1996 1470 2030 aedificia
1493 2001 1529 2030 et
1546 1996 1689 2030 hortum

387 2076 477 2110 satis
494 2076 672 2121 placidum
689 2078 844 2118 struxit3
864 2078 921 2111 vir
938 2078 1157 2112 domicilium
1175 2089 1314 2123 semper
1326 2078 1462 2119 fovens,
1476 2078 1690 2124 pauperibus

388 2163 463 2192 tam
486 2159 638 2204 pecunia
662 2170 771 2203 quam
794 2159 1008 2194 victualibus
1029 2161 1185 2194 multum
1205 2160 1383 2194 liberalis:
1414 2160 1583 2195 Ecclesiae
1610 2172 1689 2205 cap-

388 2250 471 2283 pam
494 2240 642 2274 sericam
660 2240 778 2274 blovio
795 2241 959 2276 damasco
975 2241 1181 2276 lateralibus
1204 2242 1353 2276 fimbriis
1376 2242 1603 2288 ymaginibus
1629 2241 1689 2275 ob-
