2106 2894
421 387 493 423 116
699 383 971 419 COMPOTUM
993 384 1227 418 MAGISTRI
1249 384 1449 418 FABRICE

418 503 493 533 tam
511 496 649 532 'rhome
668 496 789 532 Sawer
814 496 971 543 Georgio
996 497 1137 542 Bernys
1155 502 1190 531 et
1207 494 1415 530 Alexandro
1432 494 1570 530 Catour
1593 492 1730 539 aurigis

417 581 520 615 dictis
547 579 629 614 Fud
656 585 691 614 et
721 579 877 614 Stewart
903 579 1060 614 deficien.
1083 590 1105 613 a
1132 579 1227 613 dicto
1252 575 1423 625 vigefimo
1446 576 1545 612 sexto
1572 575 1730 610 Novem·

417 663 489 697 bris
512 659 681 697 inclufive
706 662 890 697 conductis
915 663 954 696 in
980 662 1131 696 eundem
1158 662 1252 696 diem
1277 672 1370 695 anno
1400 661 1564 695 revoluto
1584 658 1728 704 capien.

416 744 566 790 quilibet
579 756 642 789 per
655 755 789 778 annum
803 744 1067 790 quinquaginta
1077 743 1204 778 solidos
1218 748 1253 778 et
1270 743 1430 777 modium
1447 741 1582 776 farrine
1600 741 1638 774 in
1655 738 1729 785 sep-

416 828 551 862 timana
563 827 688 872 xxxvij
704 829 730 861 Ξ.
745 827 781 873 vj
800 824 835 861 d.
886 825 937 861 Et
953 827 1048 861 dicto
1062 826 1202 861 Thome
1215 826 1337 860 Sawer
1354 837 1376 860 a
1388 823 1477 859 festo
1495 823 1617 858 Sancti
1632 822 1728 857 Mer-

414 909 482 944 tini
499 920 592 943 anno
611 913 671 943 Ἔα*
690 910 724 942 v⁶
741 908 819 954 xiiij
859 909 898 943 in
915 909 1067 943 eundem
1081 909 1176 943 diem
1194 919 1288 942 anno
1305 908 1469 942 revoluto
1487 907 1524 941 in
1539 905 1642 940 suum
1655 905 1727 939 feo-

414 990 502 1026 dum
519 1002 678 1026 annuum
692 991 747 1024 xl*J
759 994 784 1025 ἕ.
836 990 888 1025 Et
912 991 1086 1024 allocatur
1103 991 1216 1024 eidem
1244 1001 1309 1035 per
1325 990 1576 1024 liberacionem
1593 988 1725 1023 factam

412 1073 579 1108 lathomis
605 1073 643 1106 in
670 1072 846 1106 bibalibus
874 1083 939 1117 pro
965 1069 1182 1117 depofitione
1207 1071 1368 1116 lapidum
1395 1070 1596 1115 primorum
1622 1068 1726 1115 super

411 1155 548 1190 duobus
574 1153 623 1189 lie
643 1153 858 1189 brandeiris
883 1153 939 1189 Ac
964 1165 1030 1200 pro
1052 1151 1275 1199 impofitione
1292 1154 1403 1188 clauis
1423 1150 1472 1187 lie
1493 1151 1601 1198 pend
1615 1152 1678 1198 xlij
1699 1154 1725 1186 ἔ.

411 1237 597 1272 Allocatur
618 1238 731 1271 eidem
755 1238 793 1271 in
819 1237 1001 1282 empcione
1025 1237 1176 1283 triginta
1196 1236 1308 1271 trium
1333 1233 1381 1269 lie
1406 1233 1589 1269 barrowis
1606 1235 1725 1280 virga-

410 1330 491 1354 rum
509 1319 750 1354 confectarum
776 1331 841 1364 pro
859 1320 991 1364 lapillis
1009 1319 1173 1365 gerendis
1192 1319 1284 1353 circa
1302 1330 1391 1364 opus
1409 1317 1536 1352 Pontis
1554 1329 1618 1362 per
1634 1322 1724 1352 tem-

409 1412 477 1446 pus
495 1402 649 1447 compoti
669 1403 718 1448 vij
739 1405 764 1436 ἕ.
783 1403 832 1448 vij
852 1399 886 1436 d.
939 1401 991 1437 Et
1009 1402 1047 1436 in
1065 1402 1247 1447 empcione
1265 1402 1451 1437 duodecim
1471 1400 1520 1436 lie
1540 1399 1722 1436 barrowis

410 1495 475 1529 pro
489 1484 646 1529 querella
659 1484 694 1518 xi
693 1484 749 1529 j¹²¹⁰
762 1483 785 1518 J
787 1484 911 1519 anuari
910 1496 926 1531 J
943 1484 1089 1519 confeet.
1107 1484 1132 1531 ij
1148 1487 1175 1519 ἔ.
1190 1463 1242 1532 i‘i'lj
1258 1483 1292 1519 d.
1344 1484 1396 1519 Et
1418 1486 1591 1519 allocatur
1608 1484 1722 1518 eidem

410 1576 473 1609 per
498 1564 746 1600 liberacionem
772 1566 903 1601 factam
923 1566 1083 1601 Roberto
1103 1566 1282 1612 Merl3one
1308 1565 1407 1601 miffo
1428 1568 1474 1601 ad
1500 1567 1629 1601 Pertht
1654 1577 1721 1611 pro

410 1646 577 1681 lathomis
595 1648 829 1682 conducendis
843 1648 868 1694 ij
889 1651 914 1682 ἔ.
967 1648 1019 1683 Et
1045 1650 1220 1684 allocatur
1245 1649 1359 1683 eidem
1385 1660 1449 1694 per
1471 1649 1720 1684 liberacionem

409 1729 549 1764 factam*
564 1729 702 1764 'rhome
719 1730 873 1776 WVrycht
899 1732 1121 1776 carpentario
1147 1733 1185 1767 in
1211 1732 1484 1777 complecionem
1509 1731 1651 1766 secundi
1671 1730 1719 1765 lie

412 1811 592 1847 hrandeir
609 1813 646 1846 in
665 1813 840 1847 bibalibus
855 1814 889 1858 vj
909 1811 944 1847 d.
995 1812 1043 1848 Et
1059 1812 1244 1848 forestario
1261 1815 1304 1848 de
1322 1814 1471 1848 Murtlie
1489 1814 1525 1847 in
1540 1813 1717 1848 bibalibus

409 1895 470 1941 xvj
486 1892 520 1928 d.
572 1893 624 1929 Et
643 1895 747 1929 certis
766 1895 853 1928 viris
870 1895 1114 1929 laborantibus
1135 1906 1215 1929 cum
1238 1894 1381 1929 Thoma
1396 1894 1554 1940 Wrycht
1571 1896 1609 1930 in
1627 1896 1717 1930 silva

409 1978 453 2011 de
466 1975 616 2011 Murtlie
630 1987 694 2021 pro
708 1977 872 2011 cedendis
885 1977 993 2023 lignis
1007 1977 1051 2011 ad
1065 1975 1254 2012 secundum
1270 1975 1317 2011 lie
1331 1975 1505 2012 brandeir
1522 1978 1583 2024 xvj
1599 1976 1634 2012 d.
1665 1977 1717 2013 Et

408 2059 580 2093 allocatur
607 2059 721 2093 eidem
746 2070 810 2104 per
831 2059 1079 2093 liberacionem
1101 2058 1230 2094 factam
1255 2060 1361 2094 certis
1384 2060 1471 2094 viris
1496 2061 1540 2094 de
1566 2060 1716 2095 Murtlie

409 2139 513 2175 Ester
530 2141 725 2176 Burnbane
741 2139 882 2176 Wester
903 2141 1098 2176 Burnbane
1117 2142 1321 2189 Inchevyne
1340 2147 1376 2178 et
1393 2142 1482 2178 Litil
1500 2143 1713 2178 Dunkelden

407 2223 545 2258 trahen.
557 2228 592 2259 et
610 2224 734 2258 vehen.
751 2224 849 2270 ligna
863 2225 906 2258 ad
919 2223 1109 2259 secundum
1123 2223 1172 2260 lie
1192 2223 1372 2260 brandeir
1384 2237 1405 2261 a
1416 2224 1502 2261 filva
1515 2227 1559 2261 de
1571 2226 1715 2261 Murth-
