2106 2894
694 391 864 424 PONTIS
886 391 1259 424 DUNKELDENSIS.
1562 397 1631 433 109

322 516 344 538 a
367 504 523 538 Domino
545 502 687 538 Thoma
704 502 815 550 Greig
837 504 1071 549 prebendario
1095 504 1137 537 de
1161 502 1295 549 Alytht
1317 503 1464 537 nomine
1487 502 1632 538 Domini

322 586 372 620 Et
394 587 437 620 de
461 597 486 620 v
501 586 538 620 li.
561 590 689 630 recept.
713 598 735 620 a
758 584 933 632 Magistro
954 585 1088 620 Jacobo
1110 585 1194 632 Lyn
1215 586 1359 620 nomine
1381 586 1528 620 Domini
1580 585 1632 621 Et

323 669 365 702 de
389 669 452 715 xiij
472 669 509 702 li.
527 668 562 714 vj
584 671 609 702 ἔ.
628 668 692 714 viij
711 666 746 702 d.
770 672 898 713 recept.
924 679 946 702 a
970 667 1125 702 Domino
1150 667 1315 703 Johanne
1341 668 1463 713 Bryde
1490 669 1633 703 nomine

323 749 470 784 Patricii
490 750 572 795 Hay
592 751 635 784 de
652 749 836 795 Eschindy
852 750 992 784 racione
1009 748 1068 784 sue
1086 749 1317 796 obligacionis
1334 752 1429 796 apud
1450 756 1528 786 acta
1546 752 1630 786 fact.

320 833 414 867 dicto
431 833 648 877 compotanti
666 830 868 867 ceffionario
885 832 1033 866 Domini
1050 832 1089 865 in
1105 831 1172 866 hac
1189 836 1291 877 parte
1335 832 1387 867 Et
1403 834 1448 867 de
1466 834 1547 867 aliis
1565 834 1629 879 xiij

320 915 354 948 li.
374 915 409 961 vj
430 917 455 949 ἔ.
474 915 537 960 viij
553 912 585 949 d.
606 919 736 959 recept.
756 914 800 949 ab
819 915 941 949 eodem
959 913 1116 949 Patricio
1134 915 1172 948 in
1190 915 1401 959 completam
1419 912 1631 949 solucionem

320 997 526 1043 octuaginta
543 1008 741 1031 mercarum
760 1008 823 1041 per
838 1008 919 1031 eum
933 996 1089 1030 Domino
1103 996 1302 1031 debitarum
1317 1000 1352 1031 et
1364 996 1497 1031 fabrice
1510 998 1631 1042 pontis

319 1076 570 1125 affignatarum
588 1091 652 1121 per
673 1090 800 1113 manus
824 1079 945 1113 Dauid
968 1078 1212 1125 Skrymgeour
1236 1079 1278 1113 de
1302 1078 1450 1124 Fardyll
1474 1078 1631 1114 Domino

318 1166 353 1195 et
377 1162 595 1206 compotanti
618 1161 783 1196 satisfact.
835 1161 886 1195 Et
903 1162 946 1195 de
964 1172 1014 1195 xx
1030 1161 1067 1195 li.
1085 1173 1107 1195 a
1129 1160 1272 1195 Decano
1290 1160 1529 1195 Dounkelden
1579 1161 1631 1196 Et

319 1242 361 1276 de
379 1220 430 1287 ifirj
447 1242 483 1275 li.
501 1253 522 1275 a
539 1240 736 1276 subdecano
754 1240 911 1288 ejusdem
954 1241 1005 1276 Et
1023 1243 1066 1276 de
1084 1242 1119 1288 vj
1135 1243 1169 1276 li.
1190 1242 1253 1288 xiij
1269 1245 1293 1276 ἔ.
1312 1220 1364 1288 inirij
1380 1240 1415 1276 d.
1433 1254 1455 1276 a
1472 1242 1629 1277 Domino

319 1324 459 1359 Thoma
484 1324 595 1371 Greig
617 1325 851 1369 prebendario
874 1326 917 1359 de
940 1324 1074 1370 Alytht
1124 1324 1176 1359 Et
1196 1326 1238 1359 de
1256 1325 1294 1370 iij
1315 1326 1352 1359 li.
1371 1325 1406 1370 vj
1427 1328 1452 1359 ἔ.
1472 1326 1534 1372 viij
1554 1324 1588 1360 d.
1608 1338 1629 1360 a

319 1405 493 1453 Magistro
515 1406 680 1442 Johanne
706 1407 826 1441 Lacok
852 1407 1085 1452 prebendario
1109 1408 1152 1442 de
1170 1407 1307 1452 Capeth
1359 1407 1410 1442 Et
1428 1409 1470 1442 de
1489 1406 1546 1442 xl‘j
1566 1411 1591 1442 ἔ.
1610 1420 1631 1442 a

320 1487 493 1535 Magistro
510 1489 630 1524 Dauid
648 1489 836 1535 Wauchop
853 1490 1086 1535 prebendario
1105 1491 1148 1524 de
1167 1490 1289 1524 Ruffill
1341 1490 1391 1525 Et
1409 1491 1452 1524 de
1472 1488 1531 1525 xltj
1546 1494 1571 1525 ἔ.
1585 1492 1630 1526 ab

319 1573 440 1606 eodem
460 1574 603 1607 nomine
620 1573 767 1607 Domini
785 1573 971 1607 Willielmi
991 1573 1145 1607 Moncur
1166 1573 1390 1618 prebendarii
1408 1574 1451 1608 de
1469 1573 1633 1608 Lundeif

320 1654 369 1689 Et
394 1655 438 1689 de
456 1666 481 1689 x
497 1656 534 1689 li.
553 1660 682 1701 recept.
700 1655 745 1690 ab
762 1654 968 1689 Alexandro
985 1655 1121 1690 Lowell
1147 1657 1290 1690 nomine
1314 1654 1482 1702 Magistri
1504 1655 1628 1691 Jacobi

316 1736 481 1771 Fentoun
500 1738 716 1782 precentoris
735 1737 970 1772 Dounkelden

1103 1798 1127 1811 01¹

412 1817 562 1852 Summa
578 1819 691 1853 tocius
710 1819 826 1853 oneris
839 1819 870 1864 jc
887 1819 1001 1864 xxxiij
1021 1819 1058 1853 li.
1077 1820 1155 1865 xiiij
1176 1822 1201 1853 ἔ.
1219 1831 1236 1864 3
1253 1818 1288 1853 d.

364 2063 602 2098 EXPENSE
628 2064 799 2112 Ejusdem
852 2066 895 2100 In
919 2067 1044 2111 primis
1068 2067 1241 2101 allocatur
1262 2068 1479 2112 compotanti
1505 2079 1568 2112 per
1586 2068 1628 2101 li·

317 2146 538 2180 beracionem
555 2147 686 2181 factam
702 2148 796 2182 circa
812 2159 895 2182 axes
913 2149 958 2183 ad
975 2149 1102 2195 bighas
1121 2149 1158 2183 in
1177 2146 1264 2183 silva
1281 2149 1305 2194 ij
1322 2152 1347 2183 ἔ.
1386 2148 1438 2183 Et
1453 2150 1626 2184 allocatur

314 2220 424 2254 eidem
453 2220 491 2254 in
517 2221 751 2255 lucracionem
779 2227 815 2256 et
846 2223 1048 2257 ductionem
1080 2223 1176 2257 mille
1207 2223 1439 2257 ducentorum
1475 2224 1626 2270 triginta

957 2313 977 2337 Ρ
