2106 2894
738 389 833 422 PON
835 390 907 422 TIS
929 390 1296 423 DUNKELDENSIS.
1604 396 1623 428 1
1629 397 1675 432 37

367 499 497 535 factam
524 500 681 535 Roberto
707 500 868 547 Merl30n
893 503 931 536 in
956 503 1152 536 mercedem
1175 502 1307 536 laboris
1330 501 1383 536 sui
1406 514 1428 537 a
1444 500 1533 537 festo
1550 501 1669 537 Sancti

367 581 516 616 Mertini
538 583 577 616 in
599 594 693 617 anno
713 588 772 617 'tc‘
791 585 827 617 v‘
844 585 1106 629 decimoquinto
1123 585 1162 618 in
1179 585 1330 618 eundem
1348 585 1440 618 diem
1459 596 1553 619 anno
1568 595 1669 619 revo-

365 664 442 698 luto
458 665 611 709 capienti
625 677 689 710 per
706 677 839 700 annum
858 667 1050 700 octodecim
1068 667 1177 701 libras
1196 665 1371 701 trisdecim
1389 665 1516 701 solidos
1534 672 1569 701 et
1582 677 1669 712 qua-

364 750 445 779 tuor
455 747 618 781 denarios
629 752 736 791 prout
749 747 787 780 in
798 748 926 781 ultimo
940 752 1102 792 compoto
1115 749 1350 792 compotantis
1362 749 1501 782 reddito
1511 754 1552 783 ut
1563 747 1669 793 supra

362 837 425 870 per
442 831 582 872 tempus
601 829 755 873 compoti
806 827 858 862 Et
875 839 941 873 pro
958 827 1057 863 servo
1073 828 1135 863 suo
1153 829 1177 862 J
1178 829 1317 863 ohanne
1334 829 1613 876 Cunnynghaim
1629 832 1667 865 in

359 910 555 943 mercedem
572 910 703 944 laboris
721 909 774 944 sui
792 911 966 945 conducto
984 916 1109 945 octavo
1127 911 1183 945 die
1200 908 1328 945 menfis
1343 910 1507 945 Octobris
1521 912 1560 945 in
1573 923 1666 945 anno

361 996 419 1024 *tc*
434 993 468 1025 vc
478 991 551 1025 xv‘0
564 992 602 1025 in
615 993 767 1026 eundem
780 993 875 1026 diem
893 1003 986 1026 anno
1003 994 1165 1026 revoluto
1182 1003 1247 1036 pro
1264 1003 1336 1036 quo
1353 993 1468 1027 dictus
1486 992 1665 1027 Robertus

360 1071 410 1107 est
428 1074 594 1108 actitatus
612 1074 764 1118 capienti
782 1085 845 1118 per
862 1085 997 1108 annum
1015 1074 1199 1108 duodecim
1217 1074 1325 1108 libras
1343 1073 1520 1108 trisdecim
1537 1074 1663 1109 solidos

360 1159 395 1189 et
412 1159 491 1190 octo
508 1156 670 1189 denarios
721 1155 773 1189 Et
798 1167 863 1200 pro
888 1155 950 1189 suo
975 1155 1111 1189 famulo
1137 1155 1255 1189 Alano
1281 1156 1454 1190 conducto
1479 1160 1521 1190 ut
1546 1157 1661 1191 dictus

357 1237 537 1271 Robertus
560 1238 713 1281 capienti
737 1248 800 1282 per
824 1248 958 1271 annum
981 1239 1020 1271 in
1043 1238 1239 1271 mercedem
1259 1238 1389 1272 laboris
1406 1237 1459 1272 sui
1476 1237 1535 1272 sex
1551 1239 1660 1273 libras

355 1319 540 1352 extenden‚
559 1319 594 1352 in
617 1319 720 1352 totali
744 1319 894 1363 pecunia
911 1317 1039 1352 eisdem
1057 1319 1250 1353 deliberata
1267 1331 1331 1364 per
1348 1325 1488 1364 tempus
1507 1321 1660 1365 compoti

353 1399 441 1444 xxiij
461 1400 497 1433 li.
516 1400 554 1444 iij
575 1402 600 1433 5.
619 1378 670 1445 i‘i'ij
690 1397 725 1433 d.
776 1399 829 1433 Et
845 1400 1017 1433 allocatur
1034 1400 1148 1433 eidem
1167 1401 1205 1434 in
1224 1411 1379 1435 errorem
1399 1402 1522 1434 calculi
1540 1401 1658 1435 ultimi

352 1480 403 1515 sui
423 1482 577 1526 compoti
595 1482 724 1515 redditi
741 1486 782 1515 ut
804 1480 912 1526 supra
932 1486 973 1516 ut
995 1486 1093 1526 patet
1114 1482 1152 1515 in
1173 1483 1260 1526 pede
1282 1483 1390 1527 primi
1412 1483 1533 1516 lateris
1555 1483 1654 1528 tercij

351 1563 425 1609 folij
458 1563 688 1608 expensarum
718 1574 782 1608 per
811 1563 1060 1597 liberacionem
1084 1563 1215 1597 factam
1242 1564 1336 1598 dicto
1363 1564 1521 1599 Roberto
1548 1564 1657 1598 Merl-

349 1656 414 1689 30n
441 1646 613 1680 conducto
640 1646 678 1679 in
705 1643 793 1679 festo
820 1645 941 1679 Sancti
969 1645 1118 1679 Mertini
1147 1647 1233 1680 anni
1260 1651 1320 1681 ‘tc‘
1346 1648 1382 1680 νο
1407 1646 1655 1690 decimiquarti

348 1729 386 1762 in
416 1725 567 1763 eundem
597 1729 691 1762 diem
721 1739 815 1762 anno
844 1728 1006 1762 revoluto
1037 1728 1189 1772 capienti
1220 1739 1283 1773 per
1315 1739 1448 1762 annum
1479 1726 1655 1762 trisdecim

347 1809 455 1843 libras
473 1809 532 1843 sex
549 1810 674 1844 solidos
694 1813 730 1843 et
747 1813 825 1843 octo
843 1809 1005 1843 denarios
1023 1820 1063 1842 ac
1080 1813 1159 1843 octo
1183 1809 1294 1843 bollas
1317 1809 1450 1843 farrine
1468 1821 1533 1854 pro
1551 1810 1654 1854 quin-

346 1891 519 1937 quaginta
539 1891 654 1926 tribus
677 1889 796 1924 solidis
819 1894 855 1924 et
877 1894 1032 1935 quatuor
1049 1891 1203 1925 denariis
1223 1891 1287 1925 ubi
1310 1895 1450 1925 tantum
1469 1895 1547 1925 octo
1564 1890 1653 1924 libre

345 1979 381 2008 et
406 1979 484 2008 octo
511 1974 647 2008 denarii
674 1973 892 2017 compotanti
914 1973 953 2006 in
977 1973 1071 2006 dicto
1099 1977 1263 2017 compoto
1293 1974 1490 2007 allocantur
1517 1970 1575 2005 sed
1602 1972 1653 2005 al-

344 2039 544 2090 locarentur
561 2056 777 2100 compotanti
794 2066 924 2088 novem
941 2054 1030 2088 libre
1047 2058 1083 2088 et
1099 2052 1158 2088 sex
1174 2052 1274 2088 solidi
1287 2053 1337 2097 (ix
1354 2055 1391 2087 li.
1410 2054 1446 2087 vi
1464 2054 1504 2099 5.)
1531 2052 1583 2087 Et
1596 2064 1651 2087 re-

344 2138 440 2183 lique
465 2142 620 2183 quatuor
643 2138 733 2172 libre
760 2141 796 2172 et
822 2142 901 2171 octo
931 2137 1069 2171 denarii
1092 2136 1130 2170 in
1153 2136 1419 2180 completionem
1446 2133 1649 2181 hujusmodi

343 2220 436 2255 feodi
449 2218 635 2255 solvuntur
651 2230 715 2264 per
725 2220 911 2255 dominum
925 2219 1106 2254 officialem
1121 2222 1157 2252 et
1174 2217 1445 2262 prebendarium
1462 2217 1505 2250 de
1515 2216 1648 2262 Alytht
