2106 2894
752 384 922 418 PONTIS
943 383 1314 417 DUNKELDENSIS.
1648 387 1695 422 87

396 497 537 533 Thoma
554 496 664 542 Greig
680 495 862 531 Canonico
878 494 1124 531 Dunkeldenfi
1141 496 1286 531 nomine
1303 499 1339 530 et
1362 506 1406 529 ex
1431 498 1532 544 parte
1548 492 1695 528 Domini

394 579 446 614 Et
458 581 502 615 de
512 591 536 614 v
546 580 583 614 li.
596 584 725 624 recept.
743 590 766 613 a
778 577 961 614 Comitifl'a
977 578 1124 614 Atholie
1137 590 1181 614 ex
1193 577 1405 614 testamento
1418 576 1565 612 Domini
1579 575 1697 610 Comi-

394 662 440 696 tis
466 661 518 696 Et
541 661 584 695 de
601 661 639 707 iij
659 662 696 695 li.
715 662 750 707 vj
771 663 797 695 ἔ,
815 661 878 707 viij
901 659 935 695 d.
952 666 1082 706 recept.
1103 673 1125 696 a
1150 661 1311 707 Georgeo
1336 660 1519 704 Balberny
1535 658 1696 704 serjando

391 744 434 777 de
451 743 582 788 quibus
606 743 702 777 idem
717 741 901 787 serjandus
925 743 1081 776 reddidit
1098 747 1303 787 compotum
1325 747 1368 776 ut
1393 745 1492 786 patet
1516 741 1555 775 in
1574 741 1695 775 eodem

390 825 529 859 reddito
546 824 642 869 apud
658 823 828 857 Dunkeld
845 824 1032 858 undecimo
1050 824 1107 858 die
1124 821 1252 858 mensls
1268 823 1293 857 J
1294 824 1434 858 anuarii
1450 834 1545 858 anno
1561 823 1695 857 domini

389 904 573 941 millefimo
589 903 872 952 quingentesimo
888 906 978 952 xij¹¹¹⁰

489 988 638 1022 Summa
653 987 763 1033 hujus
781 988 909 1022 oneris.

1145 1041 1162 1060 c

491 1068 640 1103 Summa
657 1068 770 1102 tocius
788 1068 904 1102 oneris
921 1066 1076 1114 Argenti
1094 1068 1142 1114 vij
1178 1068 1242 1102 xix
1258 1068 1295 1102 li.
1308 1067 1370 1113 xvj
1390 1068 1416 1102 ἔ.
1434 1068 1484 1113 vij
1503 1065 1537 1102 d.

1206 1123 1222 1141 C
1293 1122 1333 1141 XX

489 1148 637 1183 Summa
653 1149 767 1183 tocius
785 1149 901 1183 oneris
919 1160 1001 1183 eum
1019 1147 1137 1190 Resta,
1155 1149 1204 1195 vij
1237 1128 1290 1195 ἐξ]
1351 1149 1390 1183 ix
1405 1149 1442 1183 li.
1460 1159 1485 1182 x
1502 1149 1528 1182 ἔ.
1546 1148 1585 1193 fij
1604 1146 1639 1182 d.

438 1392 677 1428 EXPENSE
703 1392 911 1428 ARGENTI.
975 1394 1019 1429 In
1046 1395 1172 1439 primis
1196 1395 1368 1430 allocatur
1392 1394 1609 1439 compotanti
1632 1405 1696 1439 per

388 1476 635 1510 liberacionem
658 1475 789 1510 factam
812 1476 1016 1511 cedentibus
1040 1477 1225 1512 duodecim
1249 1488 1338 1511 axes
1360 1478 1398 1511 in
1420 1474 1508 1511 filva
1528 1477 1574 1511 ad
1593 1477 1694 1511 redas

389 1558 504 1602 operis
521 1557 582 1603 xvj
602 1555 627 1591 d
676 1557 728 1591 Et
753 1558 927 1592 allocatur
943 1558 1056 1592 eidem
1084 1570 1148 1603 per
1170 1560 1387 1604 empcionem
1411 1559 1541 1605 viginti
1564 1557 1694 1603 septem

386 1640 561 1674 bollarum
578 1651 773 1674 avenarum
798 1641 915 1684 precio
932 1640 1025 1675 bolle
1042 1641 1192 1687 triginta
1216 1642 1353 1676 denarii
1378 1642 1417 1675 in
1446 1652 1540 1675 anno
1559 1641 1694 1675 domini

386 1727 444 1755 *tc*
479 1723 515 1755 vc
550 1722 738 1756 undecimo
775 1726 810 1756 et
843 1722 1008 1757 undecim
1047 1723 1223 1757 bonarum
1258 1723 1377 1768 precio
1415 1722 1508 1757 bolle
1536 1722 1694 1767 quinque

384 1801 485 1837 solidi
509 1803 691 1837 deliberat.
709 1802 843 1838 Jacobo
869 1803 982 1849 Muyr
1008 1804 1169 1839 averario
1191 1805 1328 1839 domini
1353 1805 1396 1839 de
1413 1803 1545 1850 quibus
1563 1805 1693 1850 viginti

385 1883 516 1928 septem
542 1884 644 1919 bollis
678 1885 833 1919 reddidit
858 1890 1064 1930 compotum
1098 1887 1195 1931 apud
1220 1886 1457 1921 Dounkelden
1485 1886 1543 1920 die
1568 1891 1692 1920 octavo

384 1963 511 2000 menfis
540 1965 705 2001 Octobris
732 1978 826 2002 anno
855 1972 912 2001 *tc*
946 1969 982 2002 vt
1022 1968 1208 2002 undecimo
1237 1980 1302 2013 pro
1333 1968 1482 2014 reliquis
1512 1967 1691 2013 respondit

386 2048 424 2081 in
448 2048 599 2092 pecunia
619 2049 655 2094 vj
674 2049 711 2083 li.
735 2049 761 2095 ij
781 2050 806 2083 ἔ.
829 2050 865 2095 vj
883 2047 909 2083 d
969 2048 1022 2084 Et
1046 2050 1219 2084 allocatur
1243 2050 1357 2085 eidem
1382 2061 1448 2095 per
1473 2050 1691 2094 empcionem

385 2129 536 2164 duorum
553 2130 708 2165 millium
724 2132 1025 2177 noningentorum
1042 2132 1283 2178 quadraginta
1298 2137 1334 2166 et
1351 2136 1431 2167 octo
1448 2142 1598 2166 onerum
1615 2142 1691 2165 are-

384 2220 523 2250 narum,
548 2211 666 2255 precio
690 2211 877 2258 cujussibet
901 2214 1018 2248 oneris
1045 2214 1186 2254 obulus,
1212 2215 1397 2248 extenden.
1415 2213 1454 2247 in
1474 2213 1624 2258 pecunia
1644 2213 1689 2247 ad
