2106 2894
727 419 894 454 PONTIS
914 419 1282 454 DUNKELDENSIS.
1459 459 1461 462 ¹
1587 423 1654 456 141

341 528 482 578 fhailge
505 530 624 578 precio
648 530 767 566 oneris
790 530 919 567 obulus
944 532 1129 567 extenden.
1145 532 1185 568 in
1210 534 1359 578 pecunia
1374 533 1420 567 ad
1437 533 1501 579 xiij
1521 537 1547 568 ἔ.
1566 536 1604 569 ix
1621 534 1654 570 d.

353 611 406 647 Et
421 613 593 649 allocatur
609 613 724 648 eidem
735 613 775 650 in
791 614 1009 660 empcionem
1022 613 1081 650 sex
1092 613 1307 650 tribulorum
1320 615 1408 661 ligni
1420 626 1485 660 pro
1498 619 1655 661 querella

353 696 472 740 precio
480 695 531 742 xij
543 693 578 731 d.
603 694 655 731 Et
671 696 845 731 allocatur
859 697 1077 741 compotanti
1093 707 1159 742 per
1173 696 1420 731 liberacionem
1438 697 1568 732 factam
1582 710 1655 733 cer-

352 778 399 811 tis
421 777 648 823 garcionibus
673 775 957 812 construentibus
980 775 1103 812 foflhm
1127 778 1238 812 uarde
1261 779 1476 813 verudorum
1502 781 1540 813 in
1566 780 1655 815 Litil

352 857 522 894 Dunkeld
537 858 577 904 iij
596 859 632 892 li.
684 857 736 893 Et
760 858 799 893 in
823 858 1042 904 empcionem
1066 859 1225 904 quinque
1251 869 1449 905 vangarum
1469 872 1495 913 με
1517 859 1551 894 d.
1603 861 1654 895 Et

352 941 524 976 allocatur
539 940 653 976 eidem
670 941 710 975 in
726 941 946 986 empcionem
963 941 1072 976 trium
1091 941 1258 975 ulnarum
1284 942 1393 986 panni
1417 942 1500 976 linei
1526 953 1591 987 pro
1608 941 1655 977 lie

353 1019 602 1067 wyndyvfihet
624 1023 805 1068 quondam
831 1021 981 1057 Roberti
1006 1021 1219 1068 Cawquhyn
1239 1023 1301 1068 xxj
1319 1021 1354 1056 d.
1406 1023 1457 1057 Et
1484 1024 1654 1059 allocatur

353 1106 465 1139 eidem
482 1105 522 1139 in
538 1104 682 1140 feodum
699 1104 935 1150 computantis
951 1101 1169 1140 confiderato
1191 1105 1267 1150 ejus
1286 1105 1404 1139 labore
1426 1107 1464 1139 in
1487 1107 1652 1150 pecunia-

351 1190 432 1213 rum
449 1178 647 1223 receptione
664 1183 699 1212 et
716 1188 909 1223 parvarum
927 1177 1144 1213 summarum
1161 1176 1410 1213 distribucione
1430 1190 1495 1224 per
1511 1184 1651 1224 tempus

352 1261 505 1304 compoti
522 1257 589 1294 xx‘³
604 1260 639 1294 li.

450 1342 598 1376 Summa
609 1343 770 1376 omnium
788 1341 1020 1388 expenffirum
1033 1343 1074 1388 ijc
1089 1343 1160 1389 iij¹x
1176 1343 1240 1377 xix
1257 1344 1292 1378 li.
1311 1344 1398 1389 xviij
1419 1346 1444 1377 ἕ.
1464 1343 1500 1389 vj
1517 1341 1551 1378 d.

450 1423 501 1457 Et
518 1421 564 1457 fic
580 1423 844 1469 superexposuit
860 1429 1067 1470 compotans
1088 1425 1100 1459 1
1118 1427 1144 1459 ἔ.
1157 1425 1174 1470 j
1193 1423 1227 1459 d.
