2106 2894
441 361 512 395 132
729 359 995 393 COMPOTUM
1016 359 1249 393 MAGISTRI
1269 359 1470 393 FABRICE

439 470 624 505 bituminis
642 472 687 505 ad
704 471 831 506 umbos
851 471 1019 506 redarum
1042 471 1260 517 mitigandos
1277 472 1316 518 iij
1334 469 1370 506 d.
1420 470 1473 506 Et
1490 470 1652 506 Waltero
1667 469 1748 505 Duf

437 552 614 588 laboranti
631 554 724 588 circa
740 553 868 600 bighas
884 564 948 598 per
965 554 1055 588 duos
1073 553 1148 588 dies
1165 553 1192 599 ij
1211 555 1238 588 ἔ.
1289 552 1342 588 Et
1358 554 1532 589 allocatur
1548 554 1664 588 eidem
1681 564 1745 598 per

435 634 684 670 liberacionem
697 635 828 671 factam
846 636 1014 671 lathomis
1026 636 1065 670 in
1078 635 1255 671 bibalibus
1268 635 1534 671 transeunt-ibus
1548 636 1594 671 ad
1606 636 1745 681 querel-

432 717 504 751 lam
521 716 668 753 diverfis
686 718 824 754 vicibus
849 730 914 764 per
938 724 1079 764 tempus
1102 720 1259 764 compoti
1284 730 1350 764 pro
1371 716 1420 754 lie
1442 717 1571 765 aisteyr
1587 717 1746 764 drefflng

431 799 456 844 ij
476 801 501 834 ἔ.
554 798 608 835 Et
625 800 764 835 Thome
782 801 906 836 Sawar
922 799 1022 836 miffo
1039 802 1085 836 ad
1103 801 1232 836 Pertht
1248 812 1329 836 cum
1350 802 1445 837 redis
1462 802 1636 837 ferrendis
1653 803 1741 836 duo-

429 881 496 917 bus
514 884 614 928 equis
632 884 669 918 in
687 884 817 928 pabulo
835 888 871 918 et
888 882 1026 918 stabulo
1042 884 1153 918 eciam
1171 884 1211 918 in
1228 884 1350 919 avenis
1367 884 1443 930 xvij
1459 882 1494 919 d.
1546 884 1597 919 Et
1611 885 1738 919 alloca-

427 969 489 999 tur
501 966 614 1000 eidem
628 977 692 1010 per
702 965 951 1000 liberacionem
964 966 1097 1000 factam
1107 965 1315 1000 hominibus
1326 966 1539 1000 vehentibus
1552 967 1652 1012 ligna
1669 978 1735 1011 pro

427 1047 643 1081 confectione
669 1048 795 1081 domus
822 1047 1053 1082 lathimorum
1080 1058 1124 1081 ex
1150 1051 1251 1092 parte
1277 1045 1424 1082 australi
1449 1059 1540 1092 aque
1561 1048 1604 1082 de
1622 1047 1735 1093 Taya.

425 1128 476 1163 Et
501 1130 728 1175 garcionibus
747 1130 980 1176 vigilantibus
1005 1127 1201 1177 passagium
1219 1128 1367 1165 diverfis
1384 1130 1521 1165 vicibus
1547 1142 1612 1175 pro
1629 1131 1736 1165 inun-

1244 1190 1269 1204 01·

422 1210 568 1245 dacione
593 1223 768 1256 aquarum
794 1223 858 1257 per
882 1216 1024 1256 tempus
1050 1212 1205 1257 compoti
1231 1212 1283 1257 iiij
1315 1213 1340 1245 ἓ.
1368 1212 1394 1257 ij
1422 1210 1456 1246 d.
1519 1211 1570 1246 Et
1604 1213 1731 1247 alloca-

421 1298 481 1328 tur
506 1295 724 1339 compotanti
753 1295 790 1329 in
822 1295 1040 1340 empcionem
1069 1299 1225 1340 quatuor
1248 1294 1446 1329 celdrarum
1475 1294 1580 1329 calcis
1610 1295 1728 1339 precio

418 1375 494 1409 xlix
512 1378 538 1409 ἔ.
556 1354 608 1422 ἱῗῇ
627 1374 661 1410 d.
723 1375 774 1410 Et
808 1377 971 1422 cariagiis
1003 1376 1228 1421 portantibus
1259 1375 1396 1411 easdem
1430 1376 1475 1410 ad
1509 1375 1725 1410 Dunkelden

417 1458 599 1493 conductis
615 1459 666 1505 xlj
686 1461 712 1493 ἒ.
730 1459 755 1504 ij
775 1457 810 1493 d.
861 1458 913 1493 Et
930 1470 995 1504 pro
1013 1460 1185 1493 mixtione
1202 1457 1407 1505 hujusmodi
1425 1458 1528 1493 calcis
1547 1458 1596 1504 xij
1615 1456 1650 1492 d.
1676 1457 1728 1493 Et

416 1540 587 1576 allocatur
612 1542 726 1576 eidem
753 1542 791 1575 in
817 1542 1036 1587 empcionem
1063 1543 1216 1576 duorum
1242 1539 1290 1576 lie
1315 1538 1492 1588 curpallis
1517 1542 1562 1575 ad
1580 1533 1744 1575 veredos*

415 1599 466 1667 iii}
487 1624 512 1655 ἔ.
539 1622 589 1657 Et
603 1623 640 1657 in
657 1623 875 1669 empcionem
894 1624 1001 1658 unius
1011 1623 1104 1658 bolle
1122 1609 1316 1659 carbonum
1330 1623 1513 1658 fabrilium
1528 1623 1554 1668 ij
1570 1625 1596 1657 ἔ.
1611 1622 1674 1669 viij
1689 1620 1723 1657 d.

414 1702 466 1738 Et
483 1705 655 1740 allocatur
672 1707 785 1740 eidem
803 1707 842 1740 in
859 1707 1077 1751 empcionem
1097 1708 1260 1742 undecim
1279 1707 1452 1741 librarum
1471 1705 1545 1740 cebi
1565 1706 1609 1739 ad
1627 1706 1723 1740 miti-

411 1788 547 1833 gandos
558 1788 684 1823 umbos
695 1790 860 1823 redarum
875 1800 938 1833 per
951 1794 1092 1834 tempus
1104 1790 1259 1835 compoti
1276 1790 1315 1835 iij
1335 1791 1361 1823 ’s‘.
1372 1789 1410 1823 ix
1423 1786 1457 1823 d.
1484 1787 1536 1822 Et
1549 1788 1722 1821 allocatur

412 1869 523 1904 eidem
554 1881 618 1915 per
638 1870 883 1905 liberacionem
903 1870 1035 1905 factam
1060 1872 1165 1906 certis
1183 1871 1322 1916 equinis
1347 1870 1512 1916 cariagiis
1536 1869 1719 1904 conductis

410 1963 476 1996 pro
493 1953 657 1987 ductione
675 1953 747 1987 feni
766 1952 910 1999 Georgij
930 1952 1206 1999 Abbercrumby
1223 1953 1268 1987 ad
1289 1952 1378 2004 Litil
1401 1951 1617 1987 Dunkelden
1635 1952 1670 1997 vj
1691 1954 1716 1986 ἔ.

408 2035 444 2080 xj
463 2033 498 2069 d.
550 2035 601 2070 Et
617 2037 790 2070 allocatur
806 2036 920 2070 eidem
938 2047 1001 2080 per
1018 2036 1266 2071 liberacionem
1283 2035 1414 2070 factam
1432 2034 1455 2068 J
1458 2034 1590 2069 ohanni
1608 2033 1716 2080 Rogy

407 2123 442 2151 et
459 2119 538 2153 aliis
561 2118 700 2153 duobus
723 2118 949 2164 garcionibus
976 2118 1089 2153 secum
1115 2119 1297 2153 conductis
1322 2129 1387 2163 pro
1413 2117 1630 2152 confectione
1654 2115 1712 2150 sex

405 2200 591 2234 corborum
614 2210 827 2246 magnorum
856 2211 922 2244 pro
950 2198 1104 2246 passagio
1121 2179 1222 2246 xxiiij
1242 2201 1268 2234 ἔ.
1328 2199 1380 2235 Et
1406 2210 1471 2244 pro
1499 2198 1713 2233 correctione
