1964 2894
472 391 599 423 VITAE
625 391 962 424 EPISCOPORUM
986 388 1420 422 DUNKELDENSIUM.
1552 389 1593 420 27

346 575 672 610 ALEXANDER
700 575 887 610 YNGLIS
912 576 1065 610 ecclesiae
1088 575 1352 609 Dunkeldensis
1374 574 1539 613 decanus,
1565 578 1600 607 et

300 656 419 691 Sancti
436 656 593 691 Andreae
610 656 891 691 Archidiaconus
912 657 1129 701 principalis,
1148 657 1185 689 in
1209 655 1359 690 decretis
1385 655 1599 695 licentiatus,

298 739 443 773 clericus
466 739 666 773 rotulorum
689 743 725 772 et
747 739 890 784 registri
913 749 954 772 ac
977 739 1115 772 concilii
1141 739 1301 782 supremi
1326 738 1462 773 domini
1486 739 1600 772 nostri

296 820 406 866 Regis
427 819 551 854 Jacobi
575 821 683 860 tertii,
701 820 758 854 vir
780 820 1031 866 magnanimus
1055 824 1091 853 et
1113 819 1284 864 prudens,
1309 830 1373 863 per
1397 818 1533 865 Regem
1555 820 1600 852 ad

295 903 535 947 episcopatum
552 903 768 942 nominatus,
791 906 827 936 et
843 902 1004 935 omnium
1022 901 1212 935 curialium
1230 900 1354 934 favore
1373 904 1599 944 assumptus:

298 985 358 1018 sed
378 984 487 1028 Papae
508 984 811 1018 confirmationem
828 994 900 1017 non
918 983 1084 1023 obtinuit,
1101 994 1143 1016 eo
1167 982 1264 1027 quod
1280 985 1465 1026 promotus
1489 986 1543 1015 est
1560 982 1598 1014 in

299 1065 463 1099 Romana
479 1065 579 1099 curia

344 1307 616 1343 GEORGEUS
639 1307 865 1343 BROWNE
893 1308 1047 1342 ecclesiae
1071 1306 1336 1341 Aberdonensis
1360 1308 1598 1347 cancellarius,

294 1401 334 1424 ac
351 1395 466 1424 rector
484 1391 527 1424 de
546 1389 795 1436 Tynyngame,
819 1389 939 1423 Sancti
958 1387 1116 1423 Andreae
1134 1388 1322 1429 dioceseos,
1339 1387 1470 1422 Dunde
1488 1393 1598 1428 ortus,

294 1477 395 1517 patre
413 1471 574 1518 Georgeo
588 1471 742 1505 Browne
759 1470 866 1517 burgi
879 1470 1112 1510 thesaurario,
1127 1470 1262 1504 domini
1276 1470 1318 1503 de
1333 1469 1502 1514 Mydmar
1515 1470 1598 1510 filio,

295 1553 463 1587 Johanna
488 1551 663 1596 Balbirny
688 1556 827 1592 matre3
863 1551 995 1585 ibidem
1021 1551 1291 1596 grammaticam
1318 1551 1452 1590 doctus,
1479 1550 1598 1585 Sancti

296 1633 453 1668 Andreae
470 1633 516 1667 ad
533 1638 673 1677 tempus
691 1634 730 1666 in
747 1632 884 1667 artibus
902 1632 1060 1673 studens,
1075 1631 1222 1666 Parisiis
1240 1636 1293 1666 est
1306 1632 1511 1677 graduatus.
1538 1631 1598 1666 Ad

295 1720 413 1759 partes
431 1715 581 1754 rediens,
599 1714 703 1748 initio
720 1714 830 1748 studii
847 1714 886 1748 in
904 1714 1051 1759 collegio
1069 1713 1188 1747 Sancti
1211 1712 1416 1753 Salmtoris,
1437 1719 1597 1759 receptus

293 1801 348 1830 est
370 1800 524 1841 quatuor
544 1796 745 1841 regentium
762 1806 866 1830 unus.
908 1795 952 1829 In
969 1795 1198 1840 prisbiterum
1216 1805 1279 1839 per
1297 1794 1475 1829 Thomam
1493 1795 1598 1830 Law-

293 1878 357 1912 der
373 1878 577 1922 episcopum
590 1877 802 1921 praedictum
819 1881 873 1911 est
886 1877 1082 1917 ordinatus,
1095 1876 1268 1922 vigesimo
1286 1881 1386 1911 sexto
1399 1876 1490 1911 Maii
1503 1888 1596 1911 anno

294 1960 430 1994 domini
447 1960 634 1994 millesimo
651 1959 1001 2006 quadringentesimo
1023 1959 1243 2005 sexagesimo
1259 1963 1398 2004 quarto.
1442 1958 1503 1992 Ad
1524 1959 1597 1993 Ro-

294 2050 438 2074 manam
461 2041 607 2080 curiam,
630 2051 696 2085 pro
718 2041 939 2085 promotione
963 2040 1132 2086 Magistri
1155 2040 1300 2086 Georgii
1323 2040 1535 2075 Carmicheu
1557 2042 1595 2075 in

295 2122 498 2166 episcopum
512 2120 779 2167 Glasguensem,
798 2126 918 2156 orator
935 2121 1020 2155 dicti
1034 2121 1145 2168 Regis
1162 2122 1291 2156 missus
1309 2126 1384 2163 est3
1402 2121 1476 2163 ubi,
1489 2128 1595 2158 notus

296 2203 402 2238 coetui
419 2202 663 2242 cardinalium,
687 2213 731 2237 ex
753 2202 953 2248 frequentia
969 2214 1077 2247 quam
1100 2203 1230 2238 ibidem
1253 2203 1389 2244 habuit,
1410 2203 1594 2238 familiaris
