2106 2894
403 356 474 388 120
701 352 965 386 COMPOTUM
986 353 1218 387 MAGISTRI
1239 353 1443 387 FABRICE

402 464 545 498 verudis
560 464 727 498 ducendis
740 475 806 509 pro
817 464 948 509 quibus
961 463 1224 510 respondebunt
1238 466 1277 512 iij
1292 467 1319 500 ἔ.
1333 465 1396 512 viij
1411 463 1446 500 d.
1473 464 1524 499 Et
1535 465 1710 499 allocatur

401 546 515 581 eidem
536 547 575 581 in
591 546 811 591 empcionem
827 545 1045 593 septinginta
1061 548 1213 594 triginta
1235 547 1296 583 sex
1317 559 1467 584 onerum
1481 546 1533 589 lie
1541 545 1628 595 fail
1640 558 1708 593 pro

400 628 604 663 detencione
638 639 731 674 aque
766 632 802 663 et
836 627 1081 674 expulsacione
1110 629 1267 677 ejusdem
1295 643 1317 666 a
1345 630 1635 666 circumferencia
1660 631 1711 665 lo-

402 722 524 746 corum
541 711 696 746 duorum
714 708 762 746 lie
778 708 971 746 branderis
995 716 1143 758 propter
1167 714 1441 748 mundacionem
1458 713 1563 748 fundi
1588 713 1708 758 precio

401 793 518 828 oneris
535 793 702 828 denarius
720 793 904 827 extenden.
923 793 963 828 in
979 795 1082 830 totali
1094 795 1246 839 pecunia
1258 796 1303 830 ad
1321 796 1360 842 iij
1379 796 1417 830 li.
1436 796 1498 841 xvj
1518 793 1552 829 d.
1593 793 1644 828 Et
1661 795 1711 828 al-

400 876 538 909 locatur
554 875 668 909 eidem
694 886 758 920 per
781 875 1031 910 liberacionem
1054 875 1187 911 factam
1212 876 1423 911 Alexandro
1442 856 1590 923 Smytht
1607 876 1709 912 fabro

400 957 438 991 in
455 956 670 991 Dunkelden
694 968 760 1001 per
775 961 916 1002 tempus
933 959 1089 1002 compoti
1105 959 1145 992 in
1160 958 1371 993 fractionem
1390 962 1471 993 octo
1490 958 1708 994 frustrorum

399 1038 485 1073 ferri
498 1044 534 1073 et
550 1038 804 1073 confectionem
821 1040 1014 1074 eorundem
1030 1040 1070 1074 in
1086 1040 1191 1075 ferris
1204 1051 1378 1086 equorum
1394 1041 1530 1085 capien.
1543 1052 1609 1086 pro
1622 1052 1711 1086 quo-

400 1119 486 1154 libet
501 1117 634 1154 frustro
651 1123 730 1154 octo
748 1120 911 1155 denarios
928 1121 1115 1156 extenden.
1132 1121 1171 1156 in
1188 1123 1340 1166 pecunia
1357 1122 1402 1156 ad
1420 1123 1455 1169 vj
1477 1125 1503 1157 ἔ.
1521 1100 1573 1169 iioij
1593 1120 1627 1156 d.
1658 1121 1711 1157 Et

401 1202 514 1236 eidem
531 1212 597 1246 pro
609 1201 827 1237 confectione
839 1203 999 1248 quinque
1015 1202 1191 1238 serrorum
1205 1215 1379 1250 equorum
1394 1206 1437 1239 de
1455 1205 1604 1249 antiquo
1614 1204 1711 1240 ferro

400 1287 560 1318 rotarum
577 1295 603 1318 x
618 1281 653 1318 d.
703 1283 757 1318 Et
779 1285 892 1319 eidem
916 1285 954 1319 in
976 1284 1186 1320 fractionem
1203 1287 1311 1321 unius
1329 1285 1453 1321 frustri
1471 1290 1507 1321 et
1524 1287 1710 1321 correctio-

400 1377 481 1399 nem
499 1364 682 1400 tresdecim
694 1365 872 1401 ferrorum
890 1365 938 1402 lie
947 1366 1116 1414 prenteis
1132 1379 1214 1403 cum
1232 1369 1355 1403 eodem
1372 1368 1448 1414 xxij
1464 1366 1498 1403 d.
1525 1368 1577 1403 Et
1595 1369 1710 1403 eidem

398 1459 463 1492 pro
474 1449 690 1483 correctione
699 1445 749 1483 lie
760 1447 925 1495 hammyr
937 1447 1033 1484 aikis
1042 1454 1079 1485 et
1089 1451 1200 1497 mallij
1217 1452 1412 1486 eorundem
1425 1451 1451 1497 ij
1472 1453 1498 1485 ἔ.
1525 1450 1578 1485 Et
1594 1451 1708 1485 eidem

399 1531 437 1564 in
453 1530 663 1565 fractionem
686 1532 880 1566 octodecim
899 1531 1115 1568 frustrorum
1132 1533 1219 1568 ferri
1244 1537 1281 1568 et
1305 1534 1501 1568 eorundem
1521 1532 1710 1568 confectio-

399 1623 481 1648 nem
508 1614 548 1647 in
573 1615 692 1649 clauos
718 1612 766 1649 lie
788 1612 952 1650 Sentreis
977 1620 1013 1650 et
1038 1615 1164 1650 Cimbe
1189 1616 1321 1661 lapidie
1341 1617 1385 1650 de
1409 1615 1564 1660 Capetht
1589 1616 1651 1662 xvj
1682 1617 1707 1649 ἔ.

399 1672 453 1740 ihs}
468 1692 504 1728 d.
556 1693 607 1729 Et
623 1695 735 1729 eidem
755 1707 821 1740 pro
839 1697 1058 1732 confectione
1075 1697 1309 1732 tricentorum
1323 1698 1453 1744 viginti
1465 1698 1650 1732 clauorum
1663 1698 1710 1733 ad

398 1774 446 1810 lie
458 1774 621 1810 bulwark
638 1781 674 1811 et
690 1775 853 1812 Sentreis
869 1780 913 1813 de
930 1780 1078 1824 antiquo
1090 1779 1187 1814 ferro
1203 1780 1254 1825 xij
1269 1777 1304 1814 d.
1355 1779 1408 1814 Et
1424 1780 1538 1814 eidem
1556 1790 1622 1824 pro
1633 1790 1709 1814 cor-

400 1859 554 1893 rectione
571 1863 819 1894 sexcentorum
834 1861 1021 1895 clauorum
1038 1861 1269 1906 antiquorum
1285 1871 1336 1894 xv
1353 1858 1389 1894 d.
1440 1859 1493 1896 Et
1509 1861 1623 1896 eidem
1641 1873 1707 1907 pro

399 1941 559 1975 ducentis
577 1945 614 1975 et
635 1941 819 1976 duodecim
837 1938 885 1976 lie
901 1940 1064 1977 remowis
1085 1954 1149 1987 per
1173 1947 1315 1988 tempus
1333 1943 1487 1988 compoti
1504 1943 1566 1990 xvj
1587 1946 1612 1978 ἔ.
1631 1954 1656 1977 x
1671 1941 1707 1977 d.

400 2022 450 2058 Et
467 2034 534 2068 pro
549 2021 767 2071 liefrtsse'ng
782 2035 846 2069 per
862 2025 955 2059 idem
974 2030 1115 2070 tempus
1131 2025 1221 2072 xxiij
1242 2023 1277 2059 d.
1328 2024 1381 2060 Et
1399 2036 1465 2071 pro
1482 2025 1654 2060 fractione
1672 2032 1708 2061 et

400 2105 616 2141 confectione
632 2107 741 2142 unius
757 2104 882 2142 frustri
898 2108 938 2142 in
954 2119 1028 2143 uno
1044 2106 1092 2142 lie
1113 2106 1320 2143 cadownale
1336 2112 1373 2143 et
1390 2108 1605 2143 correctione
1622 2108 1710 2143 alte-

398 2188 472 2222 rius
489 2189 539 2234 xij
554 2187 588 2225 d.
638 2188 689 2224 Et
702 2190 815 2225 eidem
832 2201 898 2236 pro
911 2190 1129 2226 confectione
1147 2192 1257 2226 trium
1274 2188 1456 2236 liefifihis
1468 2202 1514 2226 ex
1531 2203 1604 2226 uno
1616 2189 1707 2226 frus-

2075 443 2106 841 „vomam-mum*
2085 419 2097 431 >v
2081 323 2093 363 ·'
