2044 2906
364 375 405 405 60
533 374 659 406 VITAE
686 374 1022 406 EPISCOPORUM
1046 369 1479 405 DUNKELDENSIUM.

368 485 454 519 adeo
477 486 668 530 reparavit,
686 490 727 520 ut
744 490 824 530 post
841 486 963 520 decani
987 485 1160 530 palatium
1183 484 1277 518 inter
1297 484 1546 517 canonicorum
1566 494 1666 518 man-

367 570 482 603 siones
499 569 748 603 honestissima
760 569 991 614 judicaretur.

416 814 840 850 ARCHIDIACONUS
862 815 1038 861 Magister
1056 814 1237 861 Georgeus
1259 814 1387 855 Ferne,
1405 814 1556 861 Georgei
1574 816 1666 860 epis-

367 898 444 942 copi
468 909 576 943 nepos
603 909 647 931 ex
674 909 804 937 sorore,
830 909 874 930 ex
897 896 1059 941 partibus
1084 897 1333 931 transmarinis
1359 897 1510 937 rediens,
1535 898 1574 931 in
1604 898 1666 931 lite

365 979 680 1018 archidiaconatus,
704 979 889 1013 victoriam
911 982 1034 1012 contra
1053 977 1255 1012 Johannem
1277 977 1477 1012 Carwenall
1501 978 1664 1024 Anglum

366 1066 732 1105 reportans,mansum
743 1060 1049 1094 archidiaconatus
1060 1061 1210 1095 interius
1224 1061 1262 1094 in
1276 1061 1388 1095 muris
1399 1061 1591 1105 reparavit,
1598 1072 1665 1095 coe-

366 1143 454 1177 lavit
472 1147 507 1177 et
524 1144 694 1188 depinxit.
721 1143 928 1177 Oratorium
942 1143 1091 1177 interius
1105 1147 1141 1176 et
1151 1143 1401 1176 domunculam
1420 1147 1455 1177 et
1471 1142 1664 1177 fenestram

365 1239 387 1261 a
403 1227 644 1261 fundamentis
662 1227 861 1261 construxit
879 1231 914 1260 et
931 1227 1133 1271 reparavit:
1152 1238 1299 1271 cappam
1317 1227 1463 1260 sericam
1487 1227 1604 1261 albam
1622 1228 1664 1261 de

366 1310 536 1349 dammas,
550 1320 631 1343 cum
642 1308 790 1342 fimbriis
808 1308 1037 1354 ymaginibus
1055 1308 1190 1342 obsutis
1208 1309 1327 1349 dedit3
1347 1309 1508 1349 tetendit,
1520 1314 1561 1343 ut
1575 1320 1665 1343 sem-

365 1403 428 1435 per
447 1392 596 1430 dixerat,
613 1391 651 1424 in
678 1391 821 1424 ecclesia
838 1390 1085 1424 Dunkeldensi
1111 1391 1343 1435 capellanum,
1367 1391 1404 1424 in
1428 1391 1522 1424 divae
1539 1392 1665 1425 matris

365 1472 485 1506 Annae
502 1473 684 1511 honorem,
702 1477 911 1516 perpetuare
926 1482 936 1512 ;
964 1473 1024 1506 sed
1041 1477 1155 1506 morte
1173 1473 1340 1507 avunculi
1354 1474 1555 1513 distractus,
1573 1485 1665 1508 asse-

368 1556 415 1589 rit
434 1566 470 1588 se
489 1554 618 1588 Sancto
630 1553 777 1587 Andrea
794 1554 860 1587 hoe
877 1554 1181 1598 perimpleturum.

415 1803 750 1838 SUBDECANUS
777 1804 952 1850 Magister
975 1804 1093 1838 David
1115 1803 1374 1850 Abercrumby,
1392 1806 1535 1850 capellae
1558 1806 1665 1840 etiam

366 1887 475 1932 regiae
498 1886 651 1920 officium
675 1897 812 1932 gerenS‚
830 1887 886 1920 vir
904 1887 1027 1920 doctus
1051 1891 1086 1920 et
1107 1887 1261 1920 multum
1284 1887 1416 1933 gravis,
1434 1888 1496 1932 qui
1520 1888 1565 1922 ob
1588 1889 1668 1923 doc-

364 1969 495 2003 trinam
520 1973 555 2002 et
575 1969 789 2014 gravitatem
809 1969 1074 2002 commissarius
1097 1969 1282 2014 generalis,
1308 1973 1343 2003 et
1363 1970 1473 2004 totius
1491 1970 1666 2006 dioceseos

366 2051 627 2085 Dunkeldensis
653 2061 716 2095 per
741 2049 943 2096 Georgeum
969 2051 1171 2095 episcopum
1195 2051 1347 2086 decanus
1370 2056 1423 2086 est
1449 2053 1665 2099 designatus.

371 2132 429 2166 Ex
448 2134 588 2166 tantulo
605 2132 772 2166 beneficio
790 2137 871 2166 ante
889 2133 1081 2167 secundum
1100 2133 1279 2178 adeptum,
1291 2134 1538 2169 honestissime
1555 2147 1592 2169 se
1609 2147 1668 2182 ge-

370 2225 462 2255 rens,
475 2215 612 2259 primus
633 2219 710 2248 erat
729 2215 925 2259 alpinatum
945 2220 980 2249 et
994 2216 1142 2261 agrestis
1156 2217 1277 2260 populi
1291 2228 1498 2251 excessuum
1511 2222 1546 2252 et
1564 2219 1668 2252 scele-
