2106 2894
414 363 461 395 88
706 361 971 394 COMPOTUM
992 362 1220 395 MAGISTRI
1241 362 1441 395 FABRICE

415 471 464 517 vij
483 472 520 506 li.
539 473 588 518 vij
607 473 624 506 ἔ
674 472 726 507 Et
749 475 921 508 allocatur
949 475 1063 508 eidem
1090 485 1154 518 per
1177 474 1396 518 empcionem
1420 473 1607 507 duodecim
1630 470 1723 516 plus-

413 553 573 588 culorum
591 556 802 600 equinorum
823 556 1021 601 vulgariter
1038 553 1086 590 lie
1105 553 1228 601 girtht
1251 553 1375 589 balde-s·
1392 556 1438 590 ad
1455 554 1558 589 usum
1577 553 1722 588 veredo-

411 646 504 676 rum,
519 637 581 683 viij
596 635 631 671 d.
670 636 722 671 Et
739 638 911 672 allocatur
928 638 1042 672 eidem
1060 649 1125 683 per
1143 639 1362 683 empcionem
1379 637 1489 672 unius
1505 637 1624 682 pincte
1637 647 1718 670 cum

411 718 565 752 dimedia
582 719 768 754 bituminis
794 720 840 754 ad
857 720 1113 766 mittigandum
1131 721 1349 754 caliditatem
1375 720 1541 754 umbonis
1558 720 1720 753 rotarum

410 804 445 834 et
461 799 657 836 sanandum
675 803 795 837 ulcera
820 814 993 848 equorum
1010 801 1163 837 lesorum
1180 802 1231 848 xij
1251 800 1285 836 d.
1335 801 1388 836 Et
1411 781 1584 836 allocatur
1605 801 1719 835 eidem

408 892 472 925 per
496 882 744 918 liberacionem
760 884 891 919 factam
909 885 1067 919 Patricio
1085 885 1177 930 Tiry
1195 884 1352 918 Patricio
1370 883 1517 918 Masone
1534 888 1569 918 et
1595 883 1719 917 multis

410 965 489 1000 aliis
502 967 733 1011 carpentariis
744 968 926 1001 conductis
943 979 1009 1011 pro
1026 967 1150 1001 diebus
1169 971 1204 1000 et
1217 965 1425 1010 septimanis
1440 967 1479 1000 in
1498 966 1718 1011 adjutorium

410 1046 634 1092 Carpentarii
651 1049 787 1093 proprii
807 1049 900 1083 circa
917 1060 1007 1093 opus
1027 1049 1070 1082 de
1088 1046 1135 1082 lie
1153 1045 1316 1081 bulwark
1333 1045 1480 1082 diverfis
1498 1048 1635 1082 vicibus
1653 1059 1717 1092 per

408 1133 546 1173 tempus
573 1131 727 1175 compoti
752 1142 778 1165 x
801 1131 838 1164 li.
860 1131 921 1177 xvj
942 1131 967 1164 ἔ.
991 1131 1026 1176 vj
1047 1128 1081 1164 d.
1146 1129 1198 1164 Et
1223 1141 1289 1175 pro
1313 1127 1360 1163 lie
1385 1127 1528 1163 hadder
1553 1130 1599 1164 ad
1624 1130 1720 1164 idem

406 1222 494 1256 opus
512 1212 564 1258 iiij
584 1213 610 1246 ἔ.
628 1213 653 1259 ij
673 1210 698 1247 d
748 1212 799 1246 Et
820 1214 993 1247 allocatur
1015 1213 1129 1247 eidem
1155 1224 1219 1257 per
1244 1213 1463 1257 empcionem
1480 1212 1530 1258 xij
1551 1210 1719 1257 capistro-

404 1305 485 1328 rum
512 1295 723 1340 equinorum
749 1296 794 1329 ad
820 1296 972 1329 verudos
996 1296 1113 1340 precio
1136 1293 1323 1341 cujussibet
1345 1293 1495 1329 sedecim
1519 1295 1656 1329 denarii
1678 1296 1716 1330 in

404 1377 553 1421 pecunia
565 1377 626 1423 xvj
643 1380 668 1411 ἔ.
694 1377 747 1412 Et
760 1378 933 1412 allocatur
946 1378 1060 1412 eidem
1074 1389 1137 1422 per
1149 1377 1399 1411 liberacionem
1413 1377 1546 1411 factam
1556 1376 1580 1410 J
1582 1377 1715 1412 ohanni

404 1458 500 1493 Lard
519 1463 554 1493 et
570 1458 679 1494 servis
697 1460 735 1494 in
760 1461 958 1494 mercedem
980 1460 1112 1494 laboris
1130 1460 1374 1494 corticacionis
1391 1459 1588 1494 corriorum
1606 1461 1651 1494 ad
1669 1457 1717 1493 lie

404 1538 566 1575 hulwarlc
587 1542 644 1588 vi3
669 1553 798 1578 novem
824 1543 1011 1577 dacrarum
1038 1547 1074 1576 et
1096 1543 1255 1587 quinque
1277 1542 1384 1587 hydis
1410 1542 1473 1576 xix
1494 1543 1521 1576 ἔ.
1539 1542 1580 1587 iij
1598 1539 1623 1576 d
1664 1541 1716 1576 Et

404 1623 575 1657 allocatur
592 1623 706 1658 eidem
723 1635 787 1668 per
804 1625 1023 1669 empcionem
1042 1625 1174 1671 viginti
1191 1625 1299 1659 unius
1317 1625 1494 1659 bollarum
1509 1635 1591 1658 cum
1605 1625 1715 1659 dime-

405 1705 464 1739 dia
481 1709 517 1739 et
534 1705 649 1739 tribus
666 1705 791 1740 firlotis
810 1707 948 1741 corticis
973 1708 1018 1741 ad
1036 1708 1129 1741 dicta
1155 1708 1251 1742 coria
1276 1708 1480 1741 corticanda
1496 1707 1560 1752 xlij
1581 1708 1606 1740 ἔ.
1626 1707 1661 1752 vj
1680 1705 1713 1740 d.

403 1786 454 1821 Et
477 1788 650 1821 allocatur
667 1788 781 1822 eidem
799 1800 863 1832 per
880 1789 1098 1833 empcionem
1115 1788 1363 1834 septemdecim
1380 1789 1555 1822 librarum
1574 1794 1609 1822 et
1627 1789 1714 1822 duo-

403 1879 483 1902 rum
510 1866 558 1902 lie
583 1867 708 1915 wespis
733 1869 863 1904 calabis
889 1870 989 1904 vario
1015 1871 1132 1914 precio
1157 1871 1219 1916 xvj
1249 1872 1275 1904 ἔ.
1302 1871 1339 1904 ix
1366 1868 1401 1904 d.
1465 1869 1517 1904 Et
1542 1871 1715 1904 allocatur

402 1951 515 1985 eidem
539 1963 603 1997 per
626 1952 845 1996 empcionem
869 1953 981 1986 trium
998 1957 1182 1997 petrarum
1200 1957 1235 1987 et
1252 1953 1520 1998 quatuordecim
1538 1952 1712 1987 librarum

400 2033 476 2068 cebi
494 2039 529 2069 et
554 2035 635 2079 plus
661 2032 790 2079 absque
816 2035 970 2079 pondere
994 2036 1039 2069 ad
1063 2034 1167 2069 usum
1188 2039 1351 2070 rotarum
1369 2034 1554 2069 fabrorum
1572 2033 1713 2069 servan-

403 2117 493 2150 tium
517 2127 559 2151 ac
583 2117 761 2161 reliquum
789 2127 878 2161 opus
904 2118 1024 2162 pontis
1049 2118 1124 2163 xvij
1145 2120 1172 2152 ἔ.
1192 2118 1227 2164 vj
1248 2115 1282 2152 d.
1327 2117 1379 2152 Et
1397 2118 1569 2151 allocatur
1587 2117 1712 2157 eidem,

403 2210 466 2243 per
500 2199 719 2244 empcionem
753 2199 979 2234 candelarum
1011 2201 1056 2234 ad
1086 2198 1223 2235 stabula
1253 2201 1470 2235 verudorum
1499 2210 1563 2244 per
1596 2203 1713 2234 totum
