2044 2906
343 381 384 413 70
512 378 639 410 VITAE
665 377 1003 410 EPISCOPORUM
1027 376 1460 409 DUNKELDENSIUM.

336 489 499 524 Muklere
514 499 523 530 3
551 490 608 523 vir
629 489 798 534 placidus,
816 488 854 522 in
871 488 1007 522 musica
1026 488 1186 533 apprime
1210 486 1382 527 eruditus,
1400 490 1475 521 tam
1493 487 1640 520 scientia

334 582 442 616 quam
453 582 537 605 voce
548 581 558 611 ς
572 571 610 604 in
619 570 715 604 omni
725 580 853 615 genere
861 573 986 603 cantus
996 569 1152 603 chorista
1159 568 1294 608 firmus,
1300 572 1336 602 et
1346 567 1445 602 chori
1456 568 1637 607 columna3

335 656 484 686 matrem
498 651 650 685 honorat
667 655 702 685 et
719 649 839 691 fovet3
859 650 973 685 otium
990 661 1129 695 semper
1145 649 1258 696 fuget,
1272 650 1310 684 in
1328 649 1561 694 suppellectili
1578 648 1642 683 ho-

334 737 467 773 nestus,
481 736 516 766 et
528 732 716 766 hortorum
733 732 859 766 cultor.
884 730 1062 766 Dominus
1075 730 1282 765 Alexander
1295 730 1508 771 Fairefoule‚
1522 742 1641 777 gram-

335 815 465 849 matica
481 814 570 849 bene
587 802 770 855 eruditus3
798 825 899 848 casus
917 814 1141 848 conscientiae
1159 814 1310 854 studuit,
1328 814 1408 848 ideo
1420 814 1559 859 ydoneo
1576 824 1642 858 pro

336 896 533 931 confessore
546 895 699 930 habetur
710 905 720 936 3
739 895 899 929 notarius
913 894 1025 929 fidelis
1038 899 1074 929 et
1087 894 1211 929 firmus
1223 905 1232 935 3
1252 895 1471 929 domicilium
1482 905 1526 929 ex
1539 895 1643 930 bonis

337 977 610 1022 capellaniarum
627 976 671 1010 de
684 975 901 1021 Abbernyde
914 975 1022 1010 fovet.
1061 975 1240 1010 Dominus
1259 975 1283 1010 J
1284 976 1442 1010 ohannes
1460 975 1642 1021 Martyne,

337 1062 451 1093 rector
472 1058 515 1092 de
533 1057 649 1103 Loyd‚
666 1056 848 1091 Johannes
870 1056 988 1091 Leslie
1015 1058 1217 1102 capellanus
1241 1057 1401 1092 omnium
1426 1061 1643 1098 sanctorum,

337 1144 372 1174 et
388 1139 604 1174 WVilliehnus
624 1138 775 1173 Scherar
796 1139 1010 1183 capellanus,
1028 1138 1215 1183 presbiteri
1232 1139 1276 1173 de
1293 1138 1539 1173 Dunkeldensi
1558 1139 1643 1173 civi-

337 1225 410 1255 tate
423 1220 577 1260 oriundi,
591 1220 763 1254 musicam
775 1219 938 1264 apprime
951 1220 1058 1260 docti,
1071 1223 1107 1254 et
1118 1231 1139 1254 a
1151 1220 1345 1266 juventute
1359 1221 1404 1254 ad
1418 1220 1643 1255 officiandum

338 1302 602 1348 regendumque
613 1301 761 1336 chorum
768 1300 957 1335 habituati.
975 1300 1152 1336 Dominus
1159 1301 1321 1336 Finlaius
1333 1301 1645 1347 Symsoun,scriba

338 1384 446 1418 curiae
460 1383 723 1423 consistorialis,
735 1383 887 1428 scriptor
896 1382 1011 1417 bonus
1022 1383 1213 1418 dictamine
1224 1388 1260 1418 et
1272 1384 1385 1419 officio
1396 1384 1620 1420 fidelissimus
1633 1396 1643 1427 ς

337 1465 400 1511 qui
413 1476 477 1499 nec
494 1476 606 1509 prece,
619 1465 746 1509 pretio,
764 1465 844 1499 odio
858 1465 915 1498 vel
934 1475 1065 1505 amore,
1081 1476 1102 1499 a
1114 1470 1210 1500 recto
1228 1466 1266 1500 in
1280 1465 1392 1501 officio
1405 1467 1549 1501 tramite
1563 1468 1643 1501 duci

337 1550 487 1592 poterat,
505 1547 644 1581 lucrum
662 1557 734 1581 non
751 1557 891 1586 curam,
910 1547 1056 1581 modum
1074 1547 1239 1581 strictum
1257 1547 1473 1593 obsequendi
1490 1553 1619 1583 servat.

390 1710 530 1745 NUNC
549 1722 571 1745 a
588 1711 804 1757 digressione
822 1712 868 1746 ad
885 1723 960 1746 rem
974 1717 1144 1747 revertor.
1171 1712 1332 1759 Georgeo
1350 1714 1513 1759 episcopo
1529 1715 1567 1749 in
1585 1726 1645 1749 ex-

340 1793 462 1827 tremis
480 1796 617 1839 agente,
635 1793 678 1827 de
702 1793 778 1839 ejus
795 1798 910 1827 morte
931 1794 1027 1838 apud
1044 1794 1163 1828 sedem
1179 1794 1275 1829 fama
1292 1794 1374 1836 fuit,
1391 1795 1453 1830 ubi
1476 1807 1542 1841 pro
1559 1800 1644 1831 tunc

339 1874 364 1908 J
365 1874 521 1909 ohannes
541 1874 668 1909 Comes
686 1872 857 1915 Atholiae,
870 1874 964 1909 filius
977 1873 1001 1908 J
1003 1875 1154 1910 ohannis
1172 1875 1322 1911 Comitis
1336 1876 1458 1912 fratris
1474 1878 1569 1924 regis
1582 1877 1607 1911 J
1608 1890 1644 1912 a-

341 1956 418 1991 cobi
429 1955 581 1990 Secundi
593 1956 754 1996 illustris,
765 1957 893 2011 patriae
911 1960 1084 2002 tanquam
1098 1961 1200 2002 pater
1216 1969 1373 2003 praesens
1391 1965 1489 2001 erat3
1508 1960 1642 1995 vocatis

342 2038 495 2072 ecclesiae
512 2037 700 2078 canonicis,
717 2037 821 2082 petiit
841 2038 1053 2083 episcopalia
1069 2039 1192 2083 palatii
1214 2039 1281 2073 sibi
1298 2040 1387 2081 dari,
1405 2045 1441 2075 et
1457 2040 1642 2077 Andream

341 2129 551 2164 germanum
562 2117 849 2163 praebendarimn
859 2119 903 2153 de
915 2118 1041 2165 Crage,
1054 2119 1092 2153 in
1106 2120 1309 2166 episcopum
1322 2122 1405 2168 eligi
1416 2131 1427 2163 ;
1445 2133 1552 2168 super
1564 2124 1643 2169 qui-

342 2199 407 2234 bus
425 2200 500 2235 sine
517 2211 618 2234 mora
633 2200 796 2240 consulti,
814 2200 959 2244 quidam
977 2201 1090 2235 eidem
1109 2202 1281 2248 sanguine
1297 2203 1426 2249 juncti,
1444 2209 1480 2239 et
1496 2205 1641 2250 quidam
