1964 2894
346 383 366 411 4
505 379 630 411 VITAE
657 378 993 411 EPISCOPORUM
1017 378 1449 411 DUNKELDENSIUM.
1513 396 1517 401 ‹

336 488 421 518 runt
438 489 473 518 et
490 488 631 525 ortum3
658 485 730 518 non
747 488 788 518 ut
805 483 989 517 scribenda
1005 494 1050 517 ex
1066 494 1123 517 me
1140 483 1296 528 aliquam
1313 482 1467 517 habeant
1484 484 1635 517 auctori-

335 570 468 605 tatem3
494 566 555 600 sed
579 566 664 599 lima
681 569 839 599 vestrum
856 569 951 598 tersa
969 562 1074 607 (sicut
1091 569 1210 598 vestro
1227 564 1344 598 visum
1362 562 1471 597 fuerit
1484 563 1633 609 judicio)

335 657 416 691 quae
434 647 552 680 minus
570 646 657 680 bene
674 646 769 680 dicta
784 649 869 679 sunt
885 649 1098 686 resecentur,
1111 650 1147 680 et
1163 645 1301 691 reliqua
1317 646 1560 685 retineantur3
1579 655 1634 678 me

335 727 372 760 in
389 727 456 761 hoc
473 727 600 761 vestris
618 726 770 761 subdens
788 726 1071 761 correctionibus.

384 890 651 925 SCRIPTURUM
669 902 725 925 me
743 892 786 925 de
804 894 932 924 vestrae
949 890 1041 924 sedis
1058 890 1173 930 initio,
1190 895 1330 935 oportet
1346 891 1462 935 primo
1478 894 1636 925 retexere

336 972 488 1016 qualiter
505 972 761 1006 Constantinus
780 971 963 1006 Pictorum
980 983 1044 1005 rex
1060 971 1199 1011 tertius,
1221 972 1305 1005 divo
1322 971 1507 1006 Columbae
1523 973 1635 1006 totius

337 1058 421 1087 tunc
446 1054 547 1098 regni
573 1058 723 1098 patrono
749 1054 909 1093 devotus,
939 1054 1194 1088 monasterium
1219 1052 1359 1099 insigne
1385 1064 1491 1098 super
1520 1053 1635 1097 ripam

336 1133 492 1168 fluminis
507 1133 691 1179 Tayensis,
709 1135 747 1168 in
764 1135 848 1169 locis
865 1135 935 1169 illis
952 1145 1034 1179 quae
1051 1145 1146 1168 nunc
1163 1134 1352 1178 occupatis,
1367 1145 1429 1168 vos
1448 1135 1638 1168 reverende

336 1219 447 1259 pater,
464 1227 529 1259 pro
546 1220 624 1249 orto
642 1216 815 1255 orientali,
834 1220 869 1250 et
887 1226 949 1250 vos
962 1214 1167 1249 Alexander
1184 1226 1249 1260 pro
1267 1216 1449 1249 mansione
1467 1215 1510 1249 de
1529 1214 1636 1254 Creif,

335 1296 372 1330 in
393 1297 551 1341 ejusdem
570 1297 644 1330 divi
662 1296 833 1331 Columbe
856 1297 1038 1337 honorem,
1057 1297 1103 1331 ad
1124 1297 1236 1331 sancti
1254 1295 1484 1341 Adampnani
1504 1297 1638 1330 instan-

336 1378 423 1411 tiam
445 1379 643 1412 construxit
665 1383 701 1412 et
722 1379 884 1419 dotavit3
912 1378 1004 1412 circa
1027 1389 1138 1412 annos
1162 1378 1296 1411 domini
1320 1378 1563 1424 septingentos
1586 1378 1638 1411 vi-

335 1459 427 1503 ginti
444 1469 593 1498 novem;
619 1464 699 1502 post
722 1463 960 1492 constructam
979 1458 1158 1491 ecclesiam
1176 1458 1219 1491 de
1236 1458 1446 1498 Abernethi,
1464 1459 1508 1492 ad
1527 1469 1637 1492 annos

336 1540 503 1573 ducentos
527 1540 656 1585 viginti
682 1551 754 1578 sex,
778 1549 906 1572 novem
929 1549 1067 1572 menses
1091 1544 1126 1572 et
1149 1549 1211 1572 sex
1234 1539 1330 1578 dies;
1359 1550 1398 1573 ac
1421 1544 1463 1573 ut
1486 1540 1638 1574 alioruin

337 1625 389 1654 est
407 1620 536 1664 opinio,
554 1621 721 1654 ducentos
739 1620 978 1665 quadraginta
994 1624 1157 1664 quatuor.
1189 1619 1233 1653 In
1250 1630 1321 1664 quo
1338 1620 1482 1664 quidem
1500 1631 1640 1655 monas-

337 1702 427 1735 terio
444 1702 613 1745 imposuit
631 1702 725 1735 viros
743 1702 937 1746 religiosos,
955 1712 1043 1745 quos
1065 1701 1264 1735 nominavit
1282 1702 1412 1746 vulgus
1430 1699 1638 1741 Kededeox,

340 1785 442 1818 aliter
455 1784 614 1823 colideos,
629 1784 694 1818 hoc
707 1789 770 1823 est,
784 1785 935 1818 colentes
953 1783 1092 1823 Deum3
1111 1783 1279 1817 habentes
1297 1788 1428 1822 tamen,
1446 1784 1638 1817 secundum

340 1866 520 1901 orientalis
538 1866 691 1899 ecclesiae
714 1865 823 1899 ritum
846 1865 1027 1910 conjuges,
1054 1875 1075 1898 a
1096 1863 1225 1908 quibus
1248 1864 1334 1898 dum
1356 1864 1512 1898 vicissim
1535 1865 1640 1899 mini-

342 1953 523 1988 strarunt;
547 1947 771 1982 abstinebant
793 1947 884 1980 sicut
906 1950 1028 1991 postea
1050 1946 1087 1980 in
1111 1946 1254 1980 ecclesia
1271 1945 1364 1980 beati
1384 1946 1527 1993 Reguli,
1546 1959 1640 1982 nunc

343 2031 461 2066 Sancti
480 2030 646 2071 Andreae,
664 2034 870 2064 consuetum
892 2034 978 2063 tunc
999 2028 1079 2064 fuit.
1130 2029 1198 2064 Sed
1216 2031 1301 2064 dum
1319 2031 1451 2075 placuit
1469 2031 1641 2065 altissimo

344 2114 453 2148 totius
479 2113 681 2147 christianae
711 2112 890 2158 religionis
918 2111 1143 2152 moderatori,
1169 2117 1413 2157 crescenteque
1439 2113 1639 2157 principum

343 2196 530 2230 devotione
549 2200 584 2229 et
607 2195 805 2234 sanctitate,
826 2193 945 2228 David
968 2204 1032 2227 rex
1055 2200 1208 2236 sanctus,
1228 2195 1352 2241 junior
1372 2195 1527 2230 filiorum
1549 2195 1640 2229 Mal-
