2398 2968
1057 679 1117 718 II.

659 847 967 889 MAGISTER
995 847 1252 888 FABRICE
1287 845 1512 893 PONTIS‚

942 985 1006 1025 M.
1019 985 1071 1024 D.
1086 984 1217 1024 XIII.

439 1144 737 1192 COMPOTUM
764 1154 930 1202 Magistri
956 1155 1153 1189 Alexandri
1181 1154 1305 1200 Mylne
1332 1154 1502 1189 eanoniei
1529 1152 1735 1188 Dounkeld-

436 1236 525 1271 enfis
542 1249 582 1271 ac
608 1235 773 1283 Magistri
790 1237 922 1271 fabrice
941 1237 1066 1271 Pontis
1083 1235 1238 1282 ejusdem
1260 1236 1438 1270 redditum
1456 1236 1550 1279 apud
1568 1234 1735 1269 Dunkeld

435 1319 570 1353 decimo
596 1318 742 1363 septimo
771 1319 828 1352 die
857 1316 984 1352 menfis
1014 1317 1228 1352 Novembris
1264 1328 1357 1352 anno
1385 1317 1519 1351 domini
1553 1313 1734 1350 millefimo

434 1398 713 1446 quingentesimo
738 1401 873 1435 decimo
901 1401 1007 1435 tertio
1037 1400 1092 1434 De
1120 1400 1284 1434 omnibus
1309 1399 1380 1434 suis
1404 1399 1568 1443 Receptis
1598 1402 1634 1432 et
1661 1397 1735 1431 Ex-

434 1480 548 1526 penfis
565 1482 610 1516 ab
627 1483 777 1516 introitu
794 1481 855 1516 suo
873 1483 918 1516 ad
935 1493 1056 1517 curam
1074 1483 1167 1516 dicte
1185 1482 1319 1516 fabrice
1340 1482 1397 1516 die
1415 1481 1577 1515 videlicet
1600 1480 1735 1514 decimo

436 1567 560 1598 octavo
577 1561 702 1598 menfis
721 1564 810 1609 Maij
830 1564 956 1610 vigilia
968 1562 1216 1598 Penthecostes
1234 1565 1272 1597 in
1291 1574 1385 1597 anno
1402 1563 1536 1597 domini
1553 1559 1735 1596 millesimo

434 1643 713 1691 quingentefimo
742 1647 877 1680 decimo
911 1650 946 1680 et
982 1645 1251 1681 consecrationis
1286 1645 1420 1680 domini
1450 1642 1561 1679 nostri
1591 1642 1734 1690 Georgii

435 1725 600 1771 Episcopi
619 1724 786 1773 vigefimo
803 1727 900 1762 sexto
917 1727 1153 1763 Auditoribus

485 1888 599 1923 IDEM
623 1889 840 1935 Compotans
862 1895 985 1925 onerat
1005 1889 1039 1925 se
1062 1891 1105 1924 de
1126 1889 1236 1936 iij¹¹ix
1252 1891 1289 1924 li.
1307 1891 1370 1937 xiij
1390 1892 1416 1924 ἔ.
1433 1890 1496 1936 viij
1515 1888 1549 1924 d.
1566 1891 1609 1924 de
1629 1888 1737 1925 Resta

433 1971 551 2005 ultimi
578 1971 743 2016 Compoti
769 1972 871 2018 officij
902 1973 1094 2007 decanatus
1118 1971 1371 2007 Cristianitatis
1394 1969 1674 2008 Dounkeldenfis
1693 1974 1736 2007 de

435 2050 563 2099 Augus
580 2057 622 2088 ut
638 2058 736 2098 patet
753 2055 791 2089 in
807 2055 895 2100 pede
912 2053 1067 2100 ejusdem
1083 2055 1212 2089 redditi
1229 2059 1272 2089 ut
1287 2053 1394 2101 supra

879 2134 1028 2172 Summa
1045 2135 1151 2172 Reste
1167 2141 1265 2182 patet
