2044 2906
1009 419 1040 447 11

360 528 550 572 aliquando
575 528 632 561 vel
657 527 779 561 Latini
805 527 976 561 sermonis
1002 527 1211 571 proprietati
1240 528 1486 573 repugnantia.
1538 527 1657 562 Multa

361 626 436 659 sine
454 625 563 659 dubio
580 630 715 659 restant
733 625 954 670 corrigenda.

410 722 465 757 De
478 724 667 767 appendice
685 723 835 767 denique
851 733 964 767 pauca
980 723 1164 756 monenda.
1211 721 1278 771 Illa
1291 727 1429 757 constat
1446 734 1464 757 e
1482 725 1657 768 computis

361 821 583 866 quibusdam,
613 820 786 864 excerptis
817 820 860 853 de
890 820 1001 853 veteri
1030 819 1123 853 libro
1157 824 1405 864 computorum
1436 822 1659 866 episcopatus

362 918 634 958 Dunkeldensis,
659 918 775 951 codice
801 918 1029 962 amplissimae
1055 918 1288 958 auctoritatis,
1314 919 1371 953 cui
1395 920 1508 953 multa
1534 920 1658 954 insunt

363 1027 444 1060 quae
459 1016 605 1060 ,publici
630 1016 724 1060 juris
749 1015 825 1048 fieri
850 1020 1053 1055 mererent;
1089 1017 1246 1060 computi
1272 1020 1391 1050 autem
1417 1017 1658 1062 impensarum

363 1114 480 1158 pontis
498 1113 759 1147 Dunkeldensis
777 1112 959 1146 edificandi
976 1114 1175 1157 praesertim
1192 1114 1297 1148 utiles
1312 1115 1379 1148 visi
1393 1119 1488 1155 sunt,
1502 1116 1547 1149 ad
1560 1116 1659 1150 illus-

363 1212 529 1244 trandum
551 1210 680 1244 librum
704 1211 747 1243 de
765 1210 947 1254 episcopis,
967 1211 1030 1254 qui
1053 1210 1148 1244 hunc
1171 1215 1316 1255 pontem
1334 1212 1530 1247 condidisse
1547 1214 1659 1247 maxi-

363 1320 462 1342 mum
480 1308 545 1342 sibi
564 1308 733 1342 honorem
747 1309 937 1347 duxerunt,
955 1312 991 1342 et
1008 1308 1110 1353 cujus
1124 1308 1206 1343 libri
1219 1313 1342 1343 auctor
1354 1310 1530 1355 impensas
1544 1312 1659 1355 operis

363 1407 437 1450 ipse
467 1406 741 1446 administravit,
773 1409 794 1423 ‘⁶
821 1405 995 1451 Magister
1023 1405 1155 1440 fabrice
1182 1407 1324 1451 pontis’'
1353 1409 1559 1452 appellatus.
1621 1409 1658 1443 Si

363 1509 527 1548 excerpta
539 1508 661 1537 nostra
674 1504 711 1537 in
724 1504 871 1537 taedium
885 1504 1031 1548 produci
1043 1504 1241 1545 videantur,
1253 1506 1310 1538 vel
1323 1505 1400 1539 haec
1410 1506 1457 1540 sit
1470 1508 1659 1548 excusatio,

363 1602 457 1646 quod
479 1612 592 1635 mores
613 1601 758 1645 quidam
781 1601 909 1635 exoleti
934 1601 972 1634 in
997 1601 1054 1635 his
1077 1603 1250 1646 computis
1272 1602 1482 1645 referantur,
1505 1610 1540 1639 et
1557 1616 1659 1640 voces

363 1700 469 1733 etiam
503 1700 694 1733 rarissimae
728 1703 763 1732 et
798 1710 879 1743 quae
914 1699 1000 1733 alibi
1033 1699 1167 1734 frustra
1197 1701 1358 1745 quaesitae
1388 1702 1514 1743 forent,
1544 1704 1582 1738 in
1609 1705 1658 1738 eis

363 1801 558 1831 occurrant.

411 1894 558 1929 Accedit
572 1894 656 1928 huic
673 1895 819 1929 editioni
837 1894 1021 1928 nominum
1041 1900 1077 1929 et
1093 1896 1250 1930 locorum
1268 1897 1385 1932 index.
