2106 2894
728 395 898 429 PONTIS
919 394 1291 429 DUNKELDENSIS.
1563 400 1581 432 1
1588 401 1606 432 1
1611 401 1633 436 7

327 507 373 541 lie
391 512 426 541 et
445 506 519 542 Tor
535 518 576 542 ac
594 504 643 541 lie
653 504 793 541 Reikis
810 507 873 553 viij
893 509 919 542 ἔ.
936 507 975 553 iij
995 504 1030 541 d.
1081 506 1132 541 Et
1149 507 1322 542 allocatur
1334 507 1552 551 compotanti
1570 517 1634 550 per

327 589 572 624 liberacionem
590 589 721 624 factam
734 588 759 623 J
759 589 868 624 acobo
886 589 1022 624 Lokert
1038 599 1120 624 cum
1136 587 1245 623 servis
1257 587 1329 623 suis
1346 586 1580 625 existentibus
1594 589 1631 623 in

326 673 483 717 querella
498 670 591 707 laffis
608 684 674 717 pro
691 672 927 707 inundacione
944 659 1119 717 equarum
1137 672 1176 706 in
1193 671 1421 718 refrigerium
1437 671 1487 717 xij
1506 669 1541 706 d.
1580 671 1631 706 Et

326 755 498 789 allocatur
514 755 628 789 eidem
650 765 715 799 per
736 753 984 788 liberacionem
1001 753 1133 787 factam
1151 752 1291 787 Thome
1308 753 1464 798 Wrycht
1487 765 1631 799 carpen-

324 836 416 869 tario
439 837 613 870 conducto
632 835 820 870 undecimo
837 835 895 869 die
917 831 1045 869 menfis
1062 833 1201 878 Aprilis
1221 845 1316 869 anno
1334 839 1393 869 ”ce
1411 836 1448 868 vc
1465 836 1538 869 xv⁶⁰
1549 846 1630 870 cum

323 917 385 952 suo
398 916 497 952 servo
511 917 645 952 Gilroif
657 918 702 952 ad
716 928 805 962 opus
819 916 951 951 fabrice
965 916 1092 976 Pontis
1105 927 1176 961 quo
1194 917 1239 951 ad
1250 916 1505 952 confectionem
1522 918 1629 953 unius

323 1011 425 1035 arcus
448 1001 613 1045 incipien.
631 1001 677 1034 ad
701 998 750 1034 lie
772 997 944 1035 hulwarlc
968 1010 1034 1044 pro
1057 999 1176 1034 decem
1193 998 1294 1033 libris
1310 1010 1336 1033 x
1353 999 1390 1034 li.
1440 999 1494 1034 Et
1516 1000 1629 1035 eidem

322 1095 387 1128 pro
404 1083 621 1118 confectione
638 1082 779 1117 secundi
797 1080 847 1116 lie
867 1081 1047 1116 brandeir
1064 1093 1158 1116 anno
1175 1082 1330 1126 compoti
1354 1086 1389 1116 et
1412 1080 1628 1126 depofitione

322 1164 476 1212 ejusdem
495 1166 533 1200 in
551 1165 670 1199 debito
687 1166 763 1199 loco
776 1176 800 1199 v
817 1165 853 1199 li.
872 1165 907 1210 vj
923 1167 949 1199 ἕ.
968 1165 1031 1210 viij
1050 1162 1085 1198 d.
1136 1163 1188 1198 Et
1202 1164 1315 1198 eidem
1333 1175 1399 1209 pro
1412 1164 1628 1199 correctione

323 1247 436 1282 cimbe
453 1247 584 1291 lapidie
602 1247 645 1280 de
663 1246 818 1291 Capetht
833 1257 859 1280 x
876 1249 902 1280 ἔ.
964 1246 1016 1281 Et
1034 1258 1099 1292 pro
1113 1246 1275 1281 bitimine
1295 1246 1340 1281 ad
1358 1247 1505 1281 eandem
1523 1247 1574 1293 xij
1593 1245 1627 1281 d.

322 1328 373 1363 Et
390 1330 562 1363 allocatur
581 1328 694 1362 eidem
712 1339 777 1372 per
793 1328 1040 1362 liberacionem
1059 1328 1191 1362 factam
1205 1328 1301 1363 dicto
1318 1327 1458 1363 Thome
1472 1328 1628 1374 VVrycht

319 1412 357 1445 in
375 1409 504 1445 receffu
516 1411 561 1445 ab
574 1422 679 1455 opere
692 1421 737 1444 ex
755 1410 925 1445 mandato
938 1409 1072 1445 Decani
1085 1411 1209 1445 vicarii
1222 1411 1397 1457 generalis
1414 1411 1454 1445 in
1472 1409 1521 1446 lie
1541 1409 1629 1446 bon-

323 1497 386 1538 ιαμ
403 1491 457 1526 xl‘J'
471 1495 497 1526 ἔ.
549 1492 601 1528 Et
617 1491 717 1528 servo
735 1492 869 1527 Gilroif
888 1493 927 1528 in
946 1491 994 1527 lie
1015 1491 1153 1538 bontay
1169 1492 1209 1538 iij
1229 1495 1255 1527 ἔ.
1306 1491 1357 1527 Et
1375 1493 1470 1528 dicto
1488 1493 1628 1528 Thome

320 1586 385 1619 pro
396 1586 500 1620 opere
510 1574 563 1609 sui
573 1574 665 1610 servi
676 1574 810 1610 Gilroif
819 1579 978 1620 tempore
991 1575 1247 1620 purificationis
1260 1572 1453 1610 beatiffime
1463 1575 1626 1622 Virginis

321 1657 436 1692 Marie
457 1662 539 1692 ante
559 1658 748 1701 introitum
770 1657 1006 1702 computantis
1024 1657 1068 1691 ad
1086 1657 1222 1692 dictum
1245 1656 1399 1692 officium
1416 1657 1508 1692 circa
1530 1657 1628 1692 labo-

319 1750 394 1773 rem
412 1740 551 1785 antiqui
563 1737 612 1774 lie
628 1737 803 1774 brandeir
819 1740 854 1786 vj
873 1742 900 1774 ἔ.
950 1738 1001 1774 Et
1019 1740 1191 1774 allocatur
1213 1740 1327 1774 eidem
1347 1739 1387 1773 in
1404 1740 1624 1784 empcionem

318 1821 524 1867 octuaginta
544 1826 623 1856 octo
643 1822 841 1855 celdrarum
858 1821 962 1856 calcis
985 1832 1049 1866 per
1065 1826 1206 1866 tempus
1224 1821 1380 1867 compoti
1398 1832 1478 1856 cum
1497 1819 1544 1856 lie
1561 1832 1626 1856 un-

317 1901 416 1947 cqstis
431 1903 476 1938 ad
493 1902 623 1938 Pertht
635 1914 658 1938 a
669 1904 745 1938 loco
763 1901 1015 1938 combustionis
1033 1901 1190 1950 ejusdem
1208 1904 1260 1950 liij
1280 1904 1317 1938 li.
1335 1904 1400 1950 xiij
1421 1907 1446 1938 ἔ.
1463 1915 1488 1938 x
1501 1902 1534 1938 d.
1573 1904 1624 1940 Et

317 1985 489 2019 allocatur
505 1985 619 2020 eidem
639 1996 704 2030 per
720 1985 968 2020 liberacionem
985 1985 1118 2021 factam
1137 1986 1360 2032 noningintis
1379 1987 1622 2033 quadraginta

315 2065 447 2110 septem
469 2068 569 2113 equis
586 2069 770 2104 conductis
790 2079 812 2103 a
837 2068 966 2104 Pertht
991 2069 1039 2103 ad
1063 2069 1303 2104 Dounkelden
1328 2080 1394 2114 pro
1418 2070 1621 2114 portacione

316 2147 519 2193 hujusmodi
536 2151 640 2184 calcis
652 2151 752 2197 xxvij
766 2151 803 2186 li.
818 2151 867 2197 vij
888 2153 914 2185 ἔ.
930 2162 955 2185 v
970 2149 1004 2186 d.
1057 2150 1110 2186 Et
1123 2152 1298 2186 allocatur
1315 2151 1429 2185 eidem
1442 2161 1505 2195 per
1515 2150 1621 2185 liber-

315 2231 471 2265 acionem
498 2231 629 2265 factam
659 2233 820 2273 ducentis
846 2234 1052 2279 octuaginta
1079 2232 1263 2267 tresdecim
1292 2233 1392 2277 equis
1421 2233 1619 2267 communis

950 2323 977 2350 Q
