2106 2894
445 352 516 388 126
735 351 1005 385 COMPOTUM
1026 350 1260 384 MAGISTRI
1281 349 1482 383 FABRICE

438 462 601 509 Januarij
621 460 789 497 inclufive
806 461 962 508 ejusdem
979 464 1064 497 anni
1081 467 1123 497 ut
1140 467 1239 507 patet
1256 474 1320 507 per
1333 463 1444 497 libros
1459 462 1637 496 dietarum
1651 470 1745 494 com-

439 546 595 590 potantis
612 544 829 590 presentatos
847 550 882 580 et
898 545 1163 590 particulariter
1180 545 1402 579 examinatos
1419 543 1524 589 super
1544 546 1748 587 compotum

438 629 477 662 in
494 633 636 662 centum
654 629 893 675 quadraginta
906 629 1065 674 quinque
1078 628 1179 662 libris
1198 627 1401 673 quindecim
1418 625 1538 661 solidis
1556 630 1592 660 et
1609 625 1748 660 duobus

438 711 592 745 denariis
609 711 640 756 jc
652 712 716 745 xlv
732 712 770 746 li.
787 722 837 745 xv
855 714 881 745 ἔ.
899 711 923 756 ij
943 709 978 745 d.
1028 710 1081 745 Et
1098 712 1269 744 allocatur
1287 710 1401 744 eidem
1418 720 1482 754 per
1498 709 1748 743 liberacionem

435 793 565 827 factam
584 793 670 827 M⁰1e
694 805 760 838 pro
782 795 873 838 pelle
896 794 1027 838 equina
1048 794 1091 827 ad
1110 793 1343 827 conficiendas
1360 792 1508 837 pephias
1529 792 1747 825 verudorum

437 853 490 920 i‘i'ij
506 877 532 908 ἔ.
568 874 620 909 Et
638 875 751 909 eidem
769 886 835 919 pro
853 874 1072 910 confectione
1086 886 1214 909 novem
1230 874 1441 919 pephiarum
1460 875 1503 907 de
1521 874 1644 908 eodem
1661 873 1746 917 pelli

437 960 472 990 et
489 957 572 1000 pelli
590 957 664 1001 lyn.
683 968 707 990 v
724 960 751 990 ἔ.
769 957 831 1002 viij
851 954 885 990 d.
937 956 989 990 Et
1006 958 1179 990 allocatur
1201 957 1315 989 eidem
1338 956 1377 989 in
1395 956 1613 999 empcionem
1636 956 1744 989 unius

433 1039 582 1083 pectinis
601 1038 686 1072 ferri
705 1039 847 1072 verudis
863 1038 1077 1072 mundandis
1091 1038 1226 1083 aurigis
1240 1037 1424 1071 deliberati
1438 1048 1504 1082 pro
1518 1048 1591 1082 quo
1604 1035 1746 1081 respon-

431 1121 566 1154 debunt
583 1121 618 1166 vj
638 1118 672 1154 d.
725 1120 777 1155 Et
800 1122 972 1155 allocatur
995 1121 1109 1154 eidem
1133 1132 1197 1165 per
1219 1120 1470 1154 liberacionem
1491 1119 1624 1154 factam
1641 1119 1743 1154 fabro

430 1204 473 1237 de
491 1203 708 1249 Slogynhole
725 1215 790 1248 pro
808 1203 1025 1237 confectione
1043 1204 1150 1237 unius
1168 1200 1216 1237 lie
1230 1201 1300 1249 pik
1317 1203 1403 1237 ferri
1421 1214 1465 1237 ex
1479 1202 1575 1237 ferro
1588 1202 1743 1248 ejusdem

430 1286 522 1320 fabri
540 1286 734 1321 deliberato
751 1286 775 1320 J
776 1286 885 1321 acobo
903 1286 1039 1320 Lokert
1056 1287 1207 1331 lapicide
1225 1286 1413 1330 principali
1431 1296 1497 1329 pro
1514 1297 1586 1330 quo
1604 1284 1745 1330 respon-

432 1368 529 1403 debit
546 1369 584 1414 iij
606 1371 631 1402 ἔ.
650 1369 713 1414 viij
733 1367 766 1402 d.
836 1369 888 1403 Et
911 1370 1025 1403 eidem
1051 1380 1117 1413 pro
1135 1368 1354 1402 confectione
1372 1368 1527 1403 duorum
1549 1365 1596 1402 lie
1614 1366 1744 1402 cadou-

431 1447 574 1484 nalisex
582 1450 677 1485 ferro
688 1452 924 1495 computantis
938 1451 1132 1485 deliberato
1146 1452 1280 1486 Catour
1293 1462 1358 1496 pro
1372 1450 1503 1496 quibus
1519 1449 1743 1495 respondebit

431 1510 482 1577 ifi¹j
502 1530 535 1565 d.
589 1532 639 1566 Et
656 1533 828 1567 allocatur
846 1533 960 1567 eidem
977 1534 1016 1567 in
1033 1534 1253 1578 empcionem
1277 1537 1418 1567 centum
1444 1531 1627 1579 sexaginta
1657 1545 1744 1578 qua-

431 1619 514 1648 tuor
531 1612 578 1648 lie
595 1613 751 1659 thruiffi's
767 1616 889 1660 pabuli
910 1617 999 1650 varii
1018 1617 1127 1661 precii
1146 1617 1332 1650 extenden.
1351 1617 1397 1650 ad
1414 1616 1515 1662 xxxij
1532 1619 1557 1650 Ξ.
1576 1628 1640 1660 per
1654 1621 1742 1650 tem-

432 1708 499 1741 pus
517 1699 670 1741 compoti
690 1699 733 1732 ad
752 1700 904 1733 verudos
957 1699 1008 1733 Et
1025 1700 1063 1733 in
1081 1700 1299 1744 empcionem
1317 1700 1425 1734 unius
1444 1700 1552 1744 pauni
1571 1701 1657 1734 lanii
1678 1711 1744 1744 pro

432 1779 648 1814 confectione
661 1777 709 1813 lie
719 1779 906 1826 pannellis
924 1782 1140 1815 verudorum
1158 1782 1196 1815 ix
1209 1779 1243 1815 d.
1287 1780 1339 1815 Et
1356 1782 1528 1815 allocatur
1545 1783 1659 1815 eidem
1678 1793 1741 1826 per

430 1862 678 1896 liberacionem
697 1862 825 1897 factam
846 1863 1002 1896 Domino
1015 1862 1202 1897 Anthonio
1220 1862 1423 1897 M⁰D0wale
1439 1874 1505 1907 pro
1523 1863 1742 1898 confectione

429 1949 584 1989 quatuor
601 1949 760 1979 rotarum
779 1945 945 1978 redarum
963 1956 1027 1989 per
1047 1950 1186 1990 tempus
1205 1946 1359 1990 compoti
1377 1946 1492 1991 xxviij
1513 1948 1538 1980 ἔ.
1583 1946 1634 1980 Et
1652 1947 1742 1992 ejus-

431 2027 511 2060 dem
528 2026 654 2060 famuli
668 2026 821 2061 Walteri
839 2038 904 2071 pro
922 2028 1136 2061 correctione
1153 2028 1261 2062 unius
1274 2031 1351 2062 rote
1365 2032 1400 2062 et
1414 2026 1639 2073 impoficione
1653 2031 1740 2064 duo-

429 2119 509 2142 rum
523 2105 571 2142 lie
583 2106 717 2142 eaetrei-s·
730 2109 793 2154 viij
809 2107 843 2142 d.
878 2108 930 2144 Et
944 2110 1117 2143 allocatur
1131 2110 1244 2144 eidem
1262 2121 1325 2155 per
1342 2111 1590 2145 liberacionem
1609 2112 1740 2146 factam

426 2189 449 2223 J
451 2190 582 2225 ohanni
602 2191 708 2237 Rogy
733 2203 798 2236 pro
815 2192 982 2226 ductione
1004 2198 1159 2236 quatuor
1185 2204 1332 2227 onerum
1351 2191 1399 2228 lie
1410 2229 1415 2236 .
1418 2192 1560 2240 fpailcis
1582 2200 1741 2229 rotarum
