2106 2894
750 359 916 394 PONTIS
938 359 1310 394 DUNKELDENSIS.
1624 362 1669 400 91

373 474 523 519 pecunia
537 472 663 520 xxxvij
681 472 719 507 li.
737 473 774 519 vj
793 475 819 508 ἔ.
837 474 900 520 viij
919 471 953 507 d.
1004 472 1056 508 Et
1078 473 1252 508 alloeatur
1273 472 1387 507 eidem
1407 482 1471 517 per
1491 470 1673 506 liberacio-

370 567 451 591 nem
467 556 599 592 factam
622 554 812 590 Malcolmo
835 555 959 591 Sawar
980 556 1019 590 in
1043 556 1241 590 mercedem
1261 554 1392 590 laboris
1409 552 1574 589 existenti
1591 562 1671 587 cum

373 637 514 673 Thoma
532 637 687 684 Wrycht
704 648 726 672 a
743 638 878 672 decimo
894 638 1021 683 quinto
1037 637 1244 672 Decembris
1262 637 1347 672 anni
1365 643 1422 672 'ze‘
1440 638 1478 671 vc
1493 634 1673 671 undecimi

368 721 407 754 in
430 720 600 754 ultimum
624 717 754 754 menfis
778 719 968 753 Februarii
993 717 1150 765 ejusdem
1184 720 1269 753 anni
1299 717 1446 754 diverfis
1471 718 1609 753 vicibus
1634 717 1673 751 in

367 799 453 836 filva
469 812 535 846 pro
552 800 714 835 cedendis
731 800 840 846 lignis
857 801 989 845 aptatis
1006 800 1045 834 in
1062 800 1194 835 tabulis
1218 801 1263 834 ad
1287 810 1378 845 opus
1395 797 1579 834 Bulwark
1600 800 1627 844 lj
1645 801 1673 832 ἔ.

365 883 402 929 vj
416 881 451 917 d.
488 881 541 917 Et
557 882 730 917 auocatur
747 882 861 917 eidem
878 892 942 928 per
954 881 1204 917 liberacionem
1216 882 1351 917 factam
1368 881 1533 916 Donaldo
1550 879 1675 914 Sawm·

367 964 500 1010 capien.
518 975 582 1009 per
598 975 731 999 annum
749 964 988 1010 quadraginta
999 963 1126 1000 solidos
1140 964 1235 999 feodi
1248 975 1330 999 cum
1343 963 1501 1009 prandeo
1517 961 1674 997 Domino

366 1045 524 1091 presente
550 1051 586 1080 et
605 1045 740 1081 ferrina
761 1057 803 1080 eo
827 1045 968 1080 absente
989 1031 1011 1080 ἐι
1033 1043 1202 1092 vigesimo
1224 1046 1352 1091 quinto
1372 1045 1561 1081 Februarii
1584 1044 1670 1079 anni

368 1132 427 1162 ‘tc‘
444 1129 482 1162 ve
497 1128 676 1163 undecimi
692 1128 731 1163 in
747 1128 907 1163 eundem
923 1128 1018 1163 diem
1043 1139 1137 1163 anno
1156 1129 1318 1163 revoluto
1340 1127 1470 1163 scilicet
1486 1129 1523 1162 ve
1539 1127 1670 1162 duode-

366 1210 457 1244 cimo
482 1210 635 1255 demptis
656 1210 738 1244 inde
755 1210 913 1254 quinque
930 1209 1048 1244 solidis
1066 1213 1102 1244 et
1118 1214 1273 1255 quatuor
1289 1210 1444 1245 denariis
1462 1211 1548 1255 quia
1571 1209 1670 1243 infir·

365 1291 532 1326 mabatur
555 1302 686 1326 novem
701 1289 906 1336 septimanis
923 1291 1053 1337 quibus
1079 1303 1124 1326 ex
1149 1290 1336 1327 elemosina
1351 1292 1483 1337 recepit
1498 1292 1669 1326 ferrinam

364 1373 491 1420 xxxiiij
512 1376 537 1408 ἔ.
555 1374 618 1420 viij
638 1372 672 1408 d.
714 1372 766 1408 Et
783 1374 954 1408 allocatur
971 1374 1085 1409 eidem
1103 1373 1260 1409 Domino
1277 1373 1418 1409 absente
1434 1375 1474 1409 in
1490 1372 1538 1409 lie
1554 1372 1669 1419 dyner

367 1460 403 1491 et
424 1454 671 1499 nwzaeschanlcis
692 1455 827 1501 capien.
849 1456 1035 1491 denarium
1061 1457 1118 1491 die
1140 1468 1213 1491 non
1237 1456 1365 1492 feriato
1391 1457 1430 1491 in
1454 1457 1549 1491 dicto
1574 1467 1669 1490 anno

366 1538 404 1583 iij
424 1540 450 1573 ἒ.
465 1537 503 1583 xj
522 1536 557 1571 d.
608 1536 659 1572 Et
682 1537 796 1572 eidem
817 1538 857 1572 in
878 1548 972 1573 anno
995 1539 1129 1573 domini
1155 1544 1214 1573 'tc'
1231 1540 1268 1573 νο
1285 1539 1421 1573 decimo
1437 1538 1548 1574 tercio
1565 1537 1669 1583 septi—

365 1620 480 1654 manis
506 1624 542 1654 et
567 1619 692 1654 diebus
719 1620 806 1654 dum
832 1619 952 1655 fuerat
977 1621 1022 1655 ad
1048 1632 1137 1666 opus
1164 1621 1284 1666 pontis
1309 1621 1349 1655 in
1375 1621 1469 1655 diem
1497 1619 1668 1666 presentis

365 1702 519 1747 compoti
541 1699 710 1736 inclusive
736 1712 781 1736 ex
802 1702 1008 1748 juramento
1031 1704 1243 1748 carpentarii
1264 1703 1353 1749 xviij
1376 1706 1402 1737 ἕ.
1464 1702 1516 1737 Et
1541 1704 1667 1737 alloca—

364 1788 423 1817 tur
445 1783 558 1817 eidem
579 1794 646 1828 pro
667 1782 858 1818 serratione
883 1785 1036 1819 duarum
1060 1786 1233 1820 rudarum
1250 1785 1455 1820 tabularum
1472 1786 1517 1820 de
1534 1796 1666 1831 quercu

363 1864 437 1910 xxij
456 1867 483 1899 ἓ.
533 1864 586 1900 Et
601 1876 665 1910 per
681 1864 930 1900 liberacionem
950 1865 1083 1901 factam
1104 1866 1260 1902 Patricio
1277 1867 1401 1903 Sawar
1416 1866 1566 1903 sen-anti
1584 1879 1665 1903 cum

365 1946 506 1982 Thoma
532 1946 656 1982 Sawar
688 1947 830 1982 infirmo
855 1948 950 1983 dicto
975 1948 1141 1984 Donaldo
1174 1950 1212 1984 in
1238 1950 1434 1985 mercedem
1458 1949 1512 1985 sui
1536 1951 1668 1986 laboris

1386 2010 1411 2024 01

366 2108 504 2143 'rhome
525 2109 648 2145 Sawar
671 2111 711 2146 in
732 2112 959 2148 refectionem
980 2124 1182 2159 pannorum
1203 2118 1239 2149 et
1261 2115 1300 2148 in
1324 2111 1372 2148 lie
1387 2112 1503 2159 dyner
1519 2119 1554 2148 et
1570 2123 1669 2148 num-

349 2188 526 2233 stkankis
542 2202 564 2227 a
579 2203 673 2229 nono
693 2193 902 2231 Decembris
919 2195 1005 2231 anni
1021 2200 1079 2231 'ie‘
1093 2198 1130 2232 ve
1141 2196 1319 2232 undecimi
1335 2196 1374 2231 in
1387 2196 1482 2231 diem
1494 2195 1669 2232 decimum
