2044 2906
565 376 691 408 VITAE
716 375 1055 408 EPISCOPORUM
1079 375 1514 408 DUNKELDENSIUM.
1648 379 1688 410 51

383 499 493 528 mum,
516 488 610 522 idem
627 487 651 521 J
652 488 808 522 ohannes
829 498 944 521 comes
960 485 1130 527 Atholiae,
1147 487 1233 531 quia
1257 487 1389 522 dictam
1406 488 1588 522 dominam
1606 489 1685 523 Ma-

381 570 506 603 tildam
523 569 747 614 irrequisitus
765 568 951 603 restituere
968 579 1040 602 non
1057 568 1258 612 temptavit,
1281 573 1406 602 contra
1428 579 1511 602 eum
1528 573 1564 603 et
1581 580 1682 603 suam

381 651 607 691 comitissam,
625 650 755 696 quibus
778 651 817 684 in
839 649 1037 684 minoribus
1060 650 1276 684 constitutus
1298 654 1424 696 gratus
1448 656 1535 692 erat,
1556 652 1683 686 irasce-

382 733 498 767 batur.
549 732 662 778 Cujus
688 732 742 765 ira
770 735 807 765 et
831 731 955 765 calculi
981 730 1138 771 morbus,
1164 736 1201 765 et
1225 732 1304 765 sitis
1330 733 1427 766 ultra
1452 744 1562 777 quam
1587 734 1682 768 credi

380 817 507 858 potest,
528 816 679 847 mortem
697 811 937 846 accelerarunt
952 820 962 852 ;
989 815 1026 845 et
1047 811 1127 846 ideo
1144 811 1289 856 cupiens
1306 812 1449 856 quietus
1468 813 1599 854 vivere,
1616 814 1684 848 hoc

378 893 589 929 calamitatis
607 897 777 938 tempore,
798 892 953 927 insulam
970 892 1014 926 de
1036 891 1153 937 Clony
1169 892 1283 933 adiit3
1310 892 1373 927 ubi
1395 892 1536 928 Christi-
1553 895 1683 929 nativi-

378 981 489 1010 tatem
511 974 702 1010 honorifice
726 975 765 1009 in
788 974 922 1019 capella
946 974 1014 1008 loci
1040 978 1076 1008 et
1100 974 1182 1008 aula
1203 974 1342 1020 peregit
1367 975 1455 1009 satis
1478 976 1680 1016 solennem

377 1061 515 1092 tantam
532 1066 728 1101 passusque
745 1055 854 1095 sitim,
872 1055 935 1089 vix
951 1058 1092 1099 poterat
1108 1055 1166 1089 die
1183 1055 1295 1089 natali
1313 1055 1449 1090 domini
1465 1057 1611 1091 missam
1629 1068 1683 1091 ce-

375 1138 544 1173 lebrando
561 1137 727 1182 perficere
742 1147 752 1178 3
774 1141 810 1171 et
827 1140 909 1182 post
926 1136 1125 1181 epiphaniae
1141 1135 1285 1177 festum,
1303 1137 1399 1171 illius
1416 1137 1511 1172 infra
1528 1143 1681 1178 octavas,

374 1220 481 1265 coepit
497 1231 535 1254 se
552 1219 654 1265 pejus
670 1218 800 1253 habere
814 1228 824 1259 3
849 1218 910 1252 sed
927 1217 1037 1253 finitis
1054 1218 1141 1263 ipsis
1159 1218 1305 1259 octavis,
1319 1219 1375 1253 die
1392 1219 1530 1254 sabbati
1548 1220 1679 1255 duode-

374 1302 466 1336 cimo
491 1300 668 1341 Januarii,
689 1311 784 1334 anno
808 1299 992 1345 praedicto,
1017 1299 1207 1334 millesimo
1232 1300 1519 1346 quingentesimo
1545 1302 1681 1336 decimo

373 1387 513 1430 quarto,
526 1382 615 1417 mihi
633 1381 820 1416 mandavit
837 1385 964 1426 parata
980 1380 1122 1421 habere,
1135 1392 1201 1426 pro
1219 1382 1342 1415 altaris
1360 1386 1396 1416 et
1409 1386 1579 1416 extremae
1596 1394 1681 1417 unc-

374 1465 482 1500 tionis
505 1463 747 1503 sacramentis,
770 1462 891 1497 omnia
907 1462 1115 1502 necessaria,
1138 1462 1277 1507 sibique
1300 1463 1499 1507 expeditius
1516 1464 1560 1498 de
1577 1475 1680 1499 mane

374 1546 529 1580 crastino
552 1544 730 1579 dominica
751 1544 883 1578 scilicet
906 1544 964 1577 die
986 1544 1194 1584 attendere3
1222 1544 1341 1588 sicque
1358 1543 1494 1578 factum
1512 1550 1575 1579 est.
1625 1546 1676 1580 Et

374 1637 478 1660 mane
495 1630 577 1660 ante
594 1625 717 1660 horam
736 1629 885 1665 sextam,
903 1624 1020 1669 primo
1037 1624 1114 1670 ejus
1138 1623 1394 1659 confessionem
1411 1626 1544 1666 audivi,
1563 1632 1598 1661 et
1619 1627 1680 1661 ab-

373 1708 559 1742 solutionis
577 1706 784 1741 beneficium
801 1706 915 1740 eidem
932 1706 1186 1740 contritissimo
1199 1706 1243 1740 de
1260 1706 1425 1741 omnibus
1443 1709 1594 1752 peccatis
1613 1710 1677 1743 im-

373 1788 491 1833 pendi,
512 1787 658 1822 missam
684 1787 870 1827 celebravi,
897 1792 933 1822 et
956 1798 1040 1821 eum
1065 1786 1162 1821 infra
1185 1787 1378 1822 missarum
1401 1789 1561 1824 solennia
1584 1802 1679 1825 com-

375 1870 566 1904 municavi.
596 1868 675 1903 Hac
686 1869 743 1903 die
760 1868 888 1903 habuit
904 1868 1095 1914 aliqualem
1107 1869 1279 1914 requiem,
1297 1870 1359 1904 sed
1372 1874 1512 1904 noctem
1530 1882 1678 1916 sequen-

376 1957 450 1987 tem
470 1952 693 1996 insompnem
716 1950 843 1991 duxit3
870 1961 982 1996 quare
1007 1951 1100 1985 circa
1123 1950 1239 1985 noctis
1259 1952 1429 1992 medium,
1451 1954 1618 1994 surrexit,
1642 1960 1677 1989 et

374 2034 467 2068 sicut
483 2043 622 2078 semper
644 2043 732 2067 usus
755 2037 820 2072 est,
838 2032 1086 2066 honestissime
1108 2036 1223 2066 vestes
1246 2032 1389 2073 induit3
1416 2037 1452 2067 et
1473 2039 1599 2069 vocato
1616 2036 1677 2070 do-

373 2114 472 2149 mino
488 2112 512 2147 J
513 2113 621 2148 acobo
635 2112 884 2153 Hendersoun,
896 2112 1044 2147 barbam
1062 2112 1131 2147 sibi
1147 2112 1225 2146 fieri
1238 2112 1344 2154 fecit3
1362 2124 1435 2158 qua
1450 2112 1555 2155 facta,
1573 2116 1674 2156 dixit,

374 2196 417 2230 de
427 2195 582 2241 quodam
593 2199 678 2230 tunc
691 2194 804 2240 pridie
817 2204 989 2240 suspenso
999 2193 1136 2240 Makay
1145 2194 1301 2235 nomine,
1313 2197 1334 2213 ‘⁶
1347 2193 1441 2230 Ecce
1457 2196 1580 2231 laudes
1598 2197 1675 2233 Deo
