2106 2894
677 363 847 397 PONTIS
869 362 1242 396 DUNKELDENSIS.
1552 367 1622 399 105

313 478 351 511 ix
363 475 398 511 d.
440 477 492 512 Et
508 478 547 511 111
563 475 780 511 structuram
797 474 928 511 stabuli
945 476 1158 510 veredorum
1175 475 1221 509 ad
1238 473 1404 509 Cimbam
1421 473 1465 508 de
1483 472 1622 518 Capeth

312 561 350 594 in
365 560 529 595 omnibus
546 557 705 605 expenfis
718 559 833 604 xxviij
849 561 875 593 ἔ.
889 559 952 604 viij
969 556 1003 592 d.
1046 557 1099 592 Et
1116 558 1229 592 eidem
1247 558 1286 592 in
1304 555 1453 602 finguh's
1467 552 1625 600 expenfis

313 644 406 677 circa
422 653 555 677 novum
575 640 754 677 stabulum
773 642 985 676 veredorum
1007 638 1247 675 constructum
1271 640 1310 673 in
1334 638 1505 672 Dunkeld
1521 637 1624 683 cujus

313 725 479 758 dominus
497 724 605 758 habet
622 724 976 758 liberetenementum
995 722 1046 767 vij
1066 722 1102 755 li.
1124 721 1173 766 vij
1194 723 1220 754 ἔ.
1238 699 1290 766 iffij
1310 718 1345 754 d.
1388 719 1440 754 Et
1452 720 1626 754 allocatur

311 806 426 840 eidem
443 817 507 850 per
523 805 743 850 empcionem
754 808 909 849 quatuor
924 802 972 837 lie
990 800 1215 837 Swmmolcis
1233 802 1278 836 ad
1295 801 1443 836 veredos
1460 812 1527 846 pro
1544 812 1626 836 eon-

311 887 492 922 servandis
511 887 622 933 tergis
640 887 685 921 ab
706 886 873 921 oneribus
897 886 923 931 ij
943 888 968 920 ἔ.
1020 885 1073 919 Et
1088 885 1202 919 eidem
1221 884 1261 918 in
1278 883 1499 929 empcionem
1515 883 1624 917 unius

312 969 406 1005 sacce
430 981 496 1015 pro
519 970 705 1015 portandis
729 970 852 1004 avenis
876 969 923 1003 ad
946 969 1094 1002 veredos
1111 968 1136 1013 ij
1158 970 1184 1001 ἔ.
1236 967 1288 1001 Et
1304 967 1344 1001 in
1360 966 1625 1011 reparacionem

314 1054 466 1087 duarum
484 1051 704 1086 sentinarum
721 1051 927 1085 habitarum
946 1062 967 1084 a
980 1050 1178 1084 Willielmo
1195 1049 1312 1094 Chaip
1329 1049 1373 1083 de
1386 1047 1516 1082 Pertht
1534 1048 1583 1094 vij
1599 1050 1625 1082 ἔ.

314 1136 349 1181 vj
368 1132 402 1168 d.
453 1133 506 1168 Et
523 1135 696 1168 allocatur
713 1134 826 1167 eidem
844 1144 908 1177 per
925 1132 1146 1177 empcionem
1170 1135 1349 1165 certarum
1372 1131 1561 1165 cordarum
1580 1131 1626 1164 ad

315 1216 363 1251 lie
389 1215 518 1250 mettis
544 1217 645 1260 equis
671 1216 810 1249 veredis
836 1225 900 1259 per
925 1219 1067 1259 tempus
1093 1215 1249 1259 compoti
1275 1214 1351 1260 xlvj
1374 1216 1400 1247 ἔ.
1427 1214 1463 1259 vj
1488 1211 1522 1247 d.
1574 1211 1626 1246 Et

313 1300 486 1332 allocatur
503 1298 617 1332 eidem
631 1308 695 1342 per
708 1297 929 1342 empcionem
943 1301 1085 1331 centum
1099 1295 1326 1342 septuaginta
1337 1294 1397 1329 sex
1408 1294 1626 1329 tribularum

314 1381 433 1425 precio
450 1381 548 1424 pecie
565 1385 607 1414 ut
624 1380 663 1414 in
681 1380 846 1424 pluribus
864 1380 935 1413 duo
953 1379 1091 1413 denarii
1112 1379 1150 1412 in
1173 1379 1324 1423 pecunia
1346 1369 1481 1412 summe
1504 1378 1625 1412 totalis

314 1463 400 1507 xxvj
427 1465 452 1496 ἕ.
505 1462 557 1496 Et
580 1463 753 1496 allocatur
775 1462 890 1496 eidem
911 1473 975 1506 per
997 1462 1214 1506 empcionem
1239 1472 1290 1495 xv
1308 1459 1357 1494 lie
1377 1459 1538 1494 tedderz's
1561 1471 1627 1505 pro

316 1545 453 1579 veredis
467 1545 505 1578 in
525 1542 634 1578 estate
650 1544 712 1589 xvj
733 1542 767 1577 d.
812 1543 864 1578 Et
882 1544 1055 1578 allocatur
1072 1544 1186 1577 eidem
1203 1554 1268 1587 per
1285 1543 1506 1588 empcionem
1523 1542 1627 1587 quin-

316 1627 490 1672 quaginta
516 1625 575 1660 sex
600 1637 801 1673 vangarum
826 1626 944 1670 precio
970 1627 1009 1659 in
1034 1629 1110 1660 toto
1136 1625 1175 1659 ix
1193 1628 1219 1658 ἕ.
1237 1625 1275 1671 iij
1295 1623 1329 1659 d.
1380 1624 1433 1659 Et
1453 1608 1625 1658 ailocatur

317 1710 430 1743 eidem
447 1710 486 1743 in
504 1706 651 1755 fingulis
668 1706 827 1753 expenfis
847 1709 940 1742 circa
958 1708 1135 1742 facturam
1149 1707 1284 1742 Warde
1297 1708 1341 1743 ad
1355 1708 1502 1742 veredos
1516 1718 1626 1752 prope

316 1795 460 1834 pratum
479 1791 522 1824 de
539 1790 729 1836 Drumboy
746 1801 826 1825 cum
844 1795 948 1835 porta
972 1794 1008 1824 et
1032 1790 1130 1823 clave
1153 1790 1267 1835 xxxiij
1288 1792 1313 1823 ἔ.
1332 1790 1368 1835 vj
1388 1787 1422 1823 d.
1472 1788 1525 1824 Et
1542 1790 1627 1824 allo-

317 1877 418 1907 catur
430 1873 544 1907 eidem
563 1874 602 1907 in
616 1874 814 1907 vectionem
832 1873 1013 1919 lignorum
1032 1883 1098 1917 pro
1115 1870 1164 1906 lie
1179 1871 1349 1907 bulwark
1367 1877 1403 1907 et
1420 1872 1626 1907 tabularum

318 1956 361 1989 ad
380 1956 474 1989 idem
493 1966 583 1999 opus
599 1965 664 1999 per
681 1959 823 1999 tempus
841 1956 996 2000 compoti
1014 1957 1053 1990 in
1069 1953 1218 2002 fingulis
1237 1953 1396 2001 expensis
1414 1956 1503 1989 citra
1520 1953 1627 1989 servi-

319 2041 412 2070 tores
429 2036 616 2070 continuos
633 2047 683 2070 xv
701 2039 726 2070 3.
744 2014 797 2083 ioirij
817 2034 851 2071 d.
902 2036 954 2072 Et
972 2038 1145 2072 allocatur
1163 2038 1277 2071 eidem
1294 2047 1358 2082 per
1374 2036 1624 2070 liberacionem

319 2117 450 2151 factam
470 2117 494 2151 J
495 2118 628 2153 ohanni
645 2118 724 2154 Fod
742 2120 804 2165 unj
825 2120 1036 2154 veredorum
1060 2118 1196 2154 custodi
1213 2123 1249 2154 et
1266 2119 1431 2164 bigarum
1451 2117 1627 2164 guberna-

318 2200 386 2235 tori
404 2201 538 2245 capien.
558 2201 597 2235 in
613 2212 707 2236 anno
726 2202 815 2237 eitra
835 2202 1006 2237 ferrinam
1029 2213 1052 2237 a
1073 2202 1269 2248 graniterio
1291 2203 1470 2244 receptam
1493 2210 1515 2233 a
1537 2196 1626 2234 festo
