<?xml version="1.0" encoding="UTF-8"?>
<!DOCTYPE html PUBLIC "-//W3C//DTD XHTML 1.0 Transitional//EN"
    "http://www.w3.org/TR/xhtml1/DTD/xhtml1-transitional.dtd">
<html xmlns="http://www.w3.org/1999/xhtml" xml:lang="en" lang="en">
 <head>
  <title>
</title>
<meta http-equiv="Content-Type" content="text/html;charset=utf-8" />
  <meta name='ocr-system' content='tesseract 3.04.00' />
  <meta name='ocr-capabilities' content='ocr_page ocr_carea ocr_par ocr_line ocrx_word'/>
</head>
<body>
  <div class='ocr_page' id='page_1' title='image "./vitaedvnkeldens102mylnuoft_0053.png"; bbox 0 0 2044 2906; ppageno 0'>
   <div class='ocr_carea' id='block_1_1' title="bbox 552 411 1671 444">
    <p class='ocr_par' dir='ltr' id='par_1_1' title="bbox 552 411 1671 444">
     <span class='ocr_line' id='line_1_1' title="bbox 552 411 1671 444; baseline 0 -2"><span class='ocrx_word' id='word_1_1' title='bbox 552 412 680 443; x_wconf 87' lang='lat' dir='ltr'><strong>VITAE</strong></span> <span class='ocrx_word' id='word_1_2' title='bbox 706 411 1045 444; x_wconf 87' lang='lat' dir='ltr'><strong>EPISCOPORUM</strong></span> <span class='ocrx_word' id='word_1_3' title='bbox 1068 411 1500 443; x_wconf 89' lang='lat' dir='ltr'><strong>DUNKELDENSIUM.</strong></span> <span class='ocrx_word' id='word_1_4' title='bbox 1631 412 1671 442; x_wconf 80' lang='lat'>31</span> 
     </span>
    </p>
   </div>
   <div class='ocr_carea' id='block_1_2' title="bbox 363 514 1678 1453">
    <p class='ocr_par' dir='ltr' id='par_1_2' title="bbox 363 514 1678 1453">
     <span class='ocr_line' id='line_1_2' title="bbox 371 514 1678 560; baseline 0 -12"><span class='ocrx_word' id='word_1_5' title='bbox 371 515 549 555; x_wconf 87' lang='lat' dir='ltr'>exercitio,</span> <span class='ocrx_word' id='word_1_6' title='bbox 574 515 780 560; x_wconf 88' lang='lat' dir='ltr'>parochiani</span> <span class='ocrx_word' id='word_1_7' title='bbox 803 520 839 550; x_wconf 89' lang='lat' dir='ltr'>et</span> <span class='ocrx_word' id='word_1_8' title='bbox 863 515 1040 550; x_wconf 80' lang='lat' dir='ltr'>diocesani</span> <span class='ocrx_word' id='word_1_9' title='bbox 1063 515 1119 549; x_wconf 89' lang='lat' dir='ltr'>sui</span> <span class='ocrx_word' id='word_1_10' title='bbox 1147 518 1301 559; x_wconf 85' lang='lat' dir='ltr'>peecata,</span> <span class='ocrx_word' id='word_1_11' title='bbox 1326 514 1372 548; x_wconf 82' lang='lat' dir='ltr'>ad</span> <span class='ocrx_word' id='word_1_12' title='bbox 1397 514 1548 560; x_wconf 81' lang='lat' dir='ltr'>triginta</span> <span class='ocrx_word' id='word_1_13' title='bbox 1568 524 1678 548; x_wconf 88' lang='lat' dir='ltr'>annos</span> 
     </span>
     <span class='ocr_line' id='line_1_3' title="bbox 372 595 1676 641; baseline -0.001 -11"><span class='ocrx_word' id='word_1_14' title='bbox 372 602 458 630; x_wconf 89' lang='lat' dir='ltr'>tunc</span> <span class='ocrx_word' id='word_1_15' title='bbox 482 597 619 641; x_wconf 87' lang='lat' dir='ltr'>elapsos</span> <span class='ocrx_word' id='word_1_16' title='bbox 636 601 739 637; x_wconf 87' lang='lat' dir='ltr'>tecta,</span> <span class='ocrx_word' id='word_1_17' title='bbox 757 596 915 631; x_wconf 91' lang='lat' dir='ltr'>confiteri</span> <span class='ocrx_word' id='word_1_18' title='bbox 935 600 972 631; x_wconf 90' lang='lat' dir='ltr'>et</span> <span class='ocrx_word' id='word_1_19' title='bbox 992 595 1249 630; x_wconf 87' lang='lat' dir='ltr'>absolutionem</span> <span class='ocrx_word' id='word_1_20' title='bbox 1268 595 1426 629; x_wconf 90' lang='lat' dir='ltr'>obtinere</span> <span class='ocrx_word' id='word_1_21' title='bbox 1447 599 1676 635; x_wconf 82' lang='lat' dir='ltr'>meruerunt3</span> 
     </span>
     <span class='ocr_line' id='line_1_4' title="bbox 368 677 1676 722; baseline -0.002 -10"><span class='ocrx_word' id='word_1_22' title='bbox 368 677 508 721; x_wconf 87' lang='lat' dir='ltr'>publice</span> <span class='ocrx_word' id='word_1_23' title='bbox 533 688 618 712; x_wconf 90' lang='lat' dir='ltr'>vero</span> <span class='ocrx_word' id='word_1_24' title='bbox 641 682 825 722; x_wconf 82' lang='lat' dir='ltr'><strong>peccantes</strong></span> <span class='ocrx_word' id='word_1_25' title='bbox 848 677 935 711; x_wconf 91' lang='lat' dir='ltr'>adeo</span> <span class='ocrx_word' id='word_1_26' title='bbox 962 682 1122 722; x_wconf 91' lang='lat' dir='ltr'>tempore</span> <span class='ocrx_word' id='word_1_27' title='bbox 1148 687 1214 712; x_wconf 92' lang='lat' dir='ltr'>suo</span> <span class='ocrx_word' id='word_1_28' title='bbox 1240 681 1326 711; x_wconf 90' lang='lat' dir='ltr'>sunt</span> <span class='ocrx_word' id='word_1_29' title='bbox 1350 677 1480 721; x_wconf 88' lang='lat' dir='ltr'>puniti,</span> <span class='ocrx_word' id='word_1_30' title='bbox 1506 681 1548 711; x_wconf 90' lang='lat' dir='ltr'>ut</span> <span class='ocrx_word' id='word_1_31' title='bbox 1573 677 1676 721; x_wconf 88' lang='lat' dir='ltr'>pauci</span> 
     </span>
     <span class='ocr_line' id='line_1_5' title="bbox 368 757 1676 804; baseline -0.002 -11"><span class='ocrx_word' id='word_1_32' title='bbox 368 760 493 793; x_wconf 87' lang='lat' dir='ltr'>mortis</span> <span class='ocrx_word' id='word_1_33' title='bbox 510 770 586 793; x_wconf 82' lang='lat' dir='ltr'>suae</span> <span class='ocrx_word' id='word_1_34' title='bbox 599 763 768 803; x_wconf 89' lang='lat' dir='ltr'>tempore,</span> <span class='ocrx_word' id='word_1_35' title='bbox 781 759 820 792; x_wconf 92' lang='lat' dir='ltr'>in</span> <span class='ocrx_word' id='word_1_36' title='bbox 831 757 1005 804; x_wconf 86' lang='lat' dir='ltr'>gravibus</span> <span class='ocrx_word' id='word_1_37' title='bbox 1019 757 1218 792; x_wconf 85' lang='lat' dir='ltr'>excessibus</span> <span class='ocrx_word' id='word_1_38' title='bbox 1236 761 1321 792; x_wconf 86' lang='lat' dir='ltr'>sunt</span> <span class='ocrx_word' id='word_1_39' title='bbox 1333 758 1451 792; x_wconf 88' lang='lat' dir='ltr'>delati.</span> <span class='ocrx_word' id='word_1_40' title='bbox 1478 757 1676 802; x_wconf 88' lang='lat' dir='ltr'><strong>Nunquam</strong></span> 
     </span>
     <span class='ocr_line' id='line_1_6' title="bbox 367 818 1676 885; baseline -0.002 -11"><span class='ocrx_word' id='word_1_41' title='bbox 367 845 497 881; x_wconf 88' lang='lat' dir='ltr'>tamen,</span> <span class='ocrx_word' id='word_1_42' title='bbox 514 841 558 874; x_wconf 92' lang='lat' dir='ltr'>de</span> <span class='ocrx_word' id='word_1_43' title='bbox 573 840 733 885; x_wconf 91' lang='lat' dir='ltr'>pecuniis</span> <span class='ocrx_word' id='word_1_44' title='bbox 757 840 796 874; x_wconf 90' lang='lat' dir='ltr'>in</span> <span class='ocrx_word' id='word_1_45' title='bbox 814 818 1102 885; x_wconf 81' lang='lat' dir='ltr'>redemptionem</span> <span class='ocrx_word' id='word_1_46' title='bbox 1122 843 1347 883; x_wconf 86' lang='lat' dir='ltr'>peccatorum</span> <span class='ocrx_word' id='word_1_47' title='bbox 1370 839 1475 878; x_wconf 87' lang='lat' dir='ltr'>datis,</span> <span class='ocrx_word' id='word_1_48' title='bbox 1498 839 1676 873; x_wconf 89' lang='lat' dir='ltr'>intromit-</span> 
     </span>
     <span class='ocr_line' id='line_1_7' title="bbox 366 920 1674 966; baseline -0.002 -10"><span class='ocrx_word' id='word_1_49' title='bbox 366 927 439 956; x_wconf 91' lang='lat' dir='ltr'>tere</span> <span class='ocrx_word' id='word_1_50' title='bbox 451 922 565 956; x_wconf 89' lang='lat' dir='ltr'>voluit</span> <span class='ocrx_word' id='word_1_51' title='bbox 576 931 586 962; x_wconf 91' lang='lat'>;</span> <span class='ocrx_word' id='word_1_52' title='bbox 605 922 735 961; x_wconf 81' lang='lat' dir='ltr'>dicens,</span> <span class='ocrx_word' id='word_1_53' title='bbox 750 924 771 940; x_wconf 88' lang='lat'><strong>“</strong></span> <span class='ocrx_word' id='word_1_54' title='bbox 783 921 913 956; x_wconf 90' lang='lat' dir='ltr'>Oleum</span> <span class='ocrx_word' id='word_1_55' title='bbox 926 925 1048 955; x_wconf 90' lang='lat' dir='ltr'>autem</span> <span class='ocrx_word' id='word_1_56' title='bbox 1061 920 1256 966; x_wconf 87' lang='lat' dir='ltr'>peccatoris</span> <span class='ocrx_word' id='word_1_57' title='bbox 1269 931 1343 954; x_wconf 89' lang='lat' dir='ltr'>nou</span> <span class='ocrx_word' id='word_1_58' title='bbox 1353 920 1555 966; x_wconf 86' lang='lat' dir='ltr'>impinguet</span> <span class='ocrx_word' id='word_1_59' title='bbox 1568 925 1674 965; x_wconf 86' lang='lat' dir='ltr'>caput</span> 
     </span>
     <span class='ocr_line' id='line_1_8' title="bbox 366 1001 1673 1047; baseline -0.001 -11"><span class='ocrx_word' id='word_1_60' title='bbox 366 1014 485 1037; x_wconf 90' lang='lat' dir='ltr'>meum</span> <span class='ocrx_word' id='word_1_61' title='bbox 498 1003 527 1043; x_wconf 91' lang='lat'>;”</span> <span class='ocrx_word' id='word_1_62' title='bbox 551 1003 650 1037; x_wconf 89' lang='lat' dir='ltr'>illam</span> <span class='ocrx_word' id='word_1_63' title='bbox 666 1007 787 1037; x_wconf 88' lang='lat' dir='ltr'>tamen</span> <span class='ocrx_word' id='word_1_64' title='bbox 805 1002 991 1047; x_wconf 88' lang='lat' dir='ltr'>pecuniam</span> <span class='ocrx_word' id='word_1_65' title='bbox 1009 1002 1055 1036; x_wconf 87' lang='lat' dir='ltr'>ad</span> <span class='ocrx_word' id='word_1_66' title='bbox 1072 1013 1178 1036; x_wconf 90' lang='lat' dir='ltr'>usum</span> <span class='ocrx_word' id='word_1_67' title='bbox 1196 1002 1350 1036; x_wconf 84' lang='lat' dir='ltr'>eeclesiae</span> <span class='ocrx_word' id='word_1_68' title='bbox 1367 1001 1578 1046; x_wconf 77' lang='lat' dir='ltr'>parochialis</span> <span class='ocrx_word' id='word_1_69' title='bbox 1595 1012 1673 1046; x_wconf 88' lang='lat' dir='ltr'>pec-</span> 
     </span>
     <span class='ocr_line' id='line_1_9' title="bbox 366 1082 1672 1129; baseline -0.001 -11"><span class='ocrx_word' id='word_1_70' title='bbox 366 1084 523 1118; x_wconf 86' lang='lat' dir='ltr'>cantium</span> <span class='ocrx_word' id='word_1_71' title='bbox 546 1088 582 1118; x_wconf 91' lang='lat' dir='ltr'>et</span> <span class='ocrx_word' id='word_1_72' title='bbox 604 1084 865 1129; x_wconf 82' lang='lat' dir='ltr'>reparationem</span> <span class='ocrx_word' id='word_1_73' title='bbox 886 1083 1056 1128; x_wconf 87' lang='lat' dir='ltr'>applicari</span> <span class='ocrx_word' id='word_1_74' title='bbox 1076 1082 1160 1117; x_wconf 88' lang='lat' dir='ltr'>fecit</span> <span class='ocrx_word' id='word_1_75' title='bbox 1181 1083 1384 1117; x_wconf 85' lang='lat' dir='ltr'>earundem.</span> <span class='ocrx_word' id='word_1_76' title='bbox 1426 1082 1485 1117; x_wconf 91' lang='lat' dir='ltr'>Sic</span> <span class='ocrx_word' id='word_1_77' title='bbox 1507 1094 1577 1128; x_wconf 91' lang='lat' dir='ltr'>que</span> <span class='ocrx_word' id='word_1_78' title='bbox 1600 1084 1672 1128; x_wconf 88' lang='lat' dir='ltr'>spi-</span> 
     </span>
     <span class='ocr_line' id='line_1_10' title="bbox 364 1163 1668 1210; baseline 0 -12"><span class='ocrx_word' id='word_1_79' title='bbox 364 1166 530 1199; x_wconf 86' lang='lat' dir='ltr'>ritualem</span> <span class='ocrx_word' id='word_1_80' title='bbox 555 1175 677 1199; x_wconf 91' lang='lat' dir='ltr'>curam</span> <span class='ocrx_word' id='word_1_81' title='bbox 703 1164 771 1199; x_wconf 93' lang='lat' dir='ltr'>sibi</span> <span class='ocrx_word' id='word_1_82' title='bbox 796 1165 1020 1199; x_wconf 85' lang='lat' dir='ltr'>commissam</span> <span class='ocrx_word' id='word_1_83' title='bbox 1041 1164 1118 1210; x_wconf 89' lang='lat' dir='ltr'>regi</span> <span class='ocrx_word' id='word_1_84' title='bbox 1135 1163 1229 1199; x_wconf 88' lang='lat' dir='ltr'>fecit.</span> <span class='ocrx_word' id='word_1_85' title='bbox 1276 1163 1352 1199; x_wconf 90' lang='lat' dir='ltr'>Nec</span> <span class='ocrx_word' id='word_1_86' title='bbox 1373 1169 1520 1210; x_wconf 89' lang='lat' dir='ltr'>propter</span> <span class='ocrx_word' id='word_1_87' title='bbox 1543 1165 1610 1199; x_wconf 93' lang='lat' dir='ltr'>hoc</span> <span class='ocrx_word' id='word_1_88' title='bbox 1629 1166 1668 1198; x_wconf 91' lang='lat' dir='ltr'>in</span> 
     </span>
     <span class='ocr_line' id='line_1_11' title="bbox 363 1245 1669 1293; baseline -0.001 -12"><span class='ocrx_word' id='word_1_89' title='bbox 363 1246 616 1291; x_wconf 86' lang='lat' dir='ltr'>temporalibus</span> <span class='ocrx_word' id='word_1_90' title='bbox 649 1246 834 1293; x_wconf 88' lang='lat' dir='ltr'>negligens</span> <span class='ocrx_word' id='word_1_91' title='bbox 867 1250 954 1280; x_wconf 91' lang='lat' dir='ltr'>erat.</span> <span class='ocrx_word' id='word_1_92' title='bbox 1010 1245 1110 1279; x_wconf 84' lang='lat' dir='ltr'>Sicut</span> <span class='ocrx_word' id='word_1_93' title='bbox 1144 1245 1348 1290; x_wconf 91' lang='lat' dir='ltr'>episcopum</span> <span class='ocrx_word' id='word_1_94' title='bbox 1381 1246 1478 1280; x_wconf 92' lang='lat' dir='ltr'>illius</span> <span class='ocrx_word' id='word_1_95' title='bbox 1513 1246 1669 1280; x_wconf 83' lang='lat' dir='ltr'>ecclesiae</span> 
     </span>
     <span class='ocr_line' id='line_1_12' title="bbox 363 1327 1670 1373; baseline -0.001 -11"><span class='ocrx_word' id='word_1_96' title='bbox 363 1332 501 1372; x_wconf 85' lang='lat' dir='ltr'>oportet</span> <span class='ocrx_word' id='word_1_97' title='bbox 518 1339 593 1362; x_wconf 87' lang='lat' dir='ltr'>esse</span> <span class='ocrx_word' id='word_1_98' title='bbox 613 1332 800 1362; x_wconf 89' lang='lat' dir='ltr'>strenuum</span> <span class='ocrx_word' id='word_1_99' title='bbox 818 1327 905 1373; x_wconf 89' lang='lat' dir='ltr'>quia</span> <span class='ocrx_word' id='word_1_100' title='bbox 927 1337 1066 1371; x_wconf 89' lang='lat' dir='ltr'>semper</span> <span class='ocrx_word' id='word_1_101' title='bbox 1091 1337 1114 1360; x_wconf 88' lang='lat' dir='ltr'>a</span> <span class='ocrx_word' id='word_1_102' title='bbox 1136 1327 1348 1361; x_wconf 87' lang='lat' dir='ltr'>secularium</span> <span class='ocrx_word' id='word_1_103' title='bbox 1365 1327 1564 1361; x_wconf 90' lang='lat' dir='ltr'>incursibus</span> <span class='ocrx_word' id='word_1_104' title='bbox 1587 1338 1670 1361; x_wconf 83' lang='lat' dir='ltr'>vex-</span> 
     </span>
     <span class='ocr_line' id='line_1_13' title="bbox 363 1407 1668 1453; baseline 0 -10"><span class='ocrx_word' id='word_1_105' title='bbox 363 1414 423 1444; x_wconf 84' lang='lat' dir='ltr'>ata</span> <span class='ocrx_word' id='word_1_106' title='bbox 439 1414 515 1443; x_wconf 87' lang='lat' dir='ltr'>erat</span> <span class='ocrx_word' id='word_1_107' title='bbox 531 1419 541 1450; x_wconf 90' lang='grc'><strong>;</strong></span> <span class='ocrx_word' id='word_1_108' title='bbox 568 1410 648 1443; x_wconf 88' lang='lat' dir='ltr'>ideo</span> <span class='ocrx_word' id='word_1_109' title='bbox 665 1413 741 1444; x_wconf 89' lang='lat' dir='ltr'>toto</span> <span class='ocrx_word' id='word_1_110' title='bbox 763 1412 904 1448; x_wconf 88' lang='lat' dir='ltr'>conatu,</span> <span class='ocrx_word' id='word_1_111' title='bbox 922 1407 1076 1443; x_wconf 79' lang='lat' dir='ltr'>ecclesiae</span> <span class='ocrx_word' id='word_1_112' title='bbox 1093 1407 1330 1452; x_wconf 83' lang='lat' dir='ltr'>possessiones</span> <span class='ocrx_word' id='word_1_113' title='bbox 1347 1419 1480 1443; x_wconf 88' lang='lat' dir='ltr'>mensae</span> <span class='ocrx_word' id='word_1_114' title='bbox 1498 1420 1573 1443; x_wconf 89' lang='lat' dir='ltr'>suae</span> <span class='ocrx_word' id='word_1_115' title='bbox 1590 1420 1668 1453; x_wconf 88' lang='lat' dir='ltr'>per-</span> 
     </span>
    </p>
   </div>
   <div class='ocr_carea' id='block_1_3' title="bbox 362 1488 1666 1534">
    <p class='ocr_par' dir='ltr' id='par_1_3' title="bbox 362 1488 1666 1534">
     <span class='ocr_line' id='line_1_14' title="bbox 362 1488 1666 1534; baseline 0.001 -10"><span class='ocrx_word' id='word_1_116' title='bbox 362 1491 526 1531; x_wconf 84' lang='lat' dir='ltr'>tinentes,</span> <span class='ocrx_word' id='word_1_117' title='bbox 541 1491 649 1525; x_wconf 88' lang='lat' dir='ltr'>etiam</span> <span class='ocrx_word' id='word_1_118' title='bbox 667 1491 917 1525; x_wconf 85' lang='lat' dir='ltr'>canonicorum</span> <span class='ocrx_word' id='word_1_119' title='bbox 934 1494 970 1524; x_wconf 93' lang='lat' dir='ltr'>et</span> <span class='ocrx_word' id='word_1_120' title='bbox 983 1490 1256 1534; x_wconf 84' lang='lat' dir='ltr'>capellanorum,</span> <span class='ocrx_word' id='word_1_121' title='bbox 1271 1490 1423 1524; x_wconf 89' lang='lat' dir='ltr'>viriliter</span> <span class='ocrx_word' id='word_1_122' title='bbox 1438 1488 1559 1533; x_wconf 90' lang='lat' dir='ltr'>(nullis</span> <span class='ocrx_word' id='word_1_123' title='bbox 1573 1502 1666 1525; x_wconf 89' lang='lat' dir='ltr'>com-</span> 
     </span>
    </p>
   </div>
   <div class='ocr_carea' id='block_1_4' title="bbox 294 1564 1457 1616">
    <p class='ocr_par' dir='ltr' id='par_1_4' title="bbox 294 1564 1457 1616">
     <span class='ocr_line' id='line_1_15' title="bbox 294 1564 1457 1616; baseline -0.001 -11"><span class='ocrx_word' id='word_1_124' title='bbox 294 1564 302 1570; x_wconf 70' lang='grc'><em>“</em></span> <span class='ocrx_word' id='word_1_125' title='bbox 359 1572 493 1615; x_wconf 89' lang='lat' dir='ltr'>putatis</span> <span class='ocrx_word' id='word_1_126' title='bbox 511 1572 685 1616; x_wconf 87' lang='lat' dir='ltr'>expensis,</span> <span class='ocrx_word' id='word_1_127' title='bbox 703 1570 849 1605; x_wconf 89' lang='lat' dir='ltr'>consilio</span> <span class='ocrx_word' id='word_1_128' title='bbox 866 1575 987 1604; x_wconf 88' lang='lat' dir='ltr'>tamen</span> <span class='ocrx_word' id='word_1_129' title='bbox 1004 1570 1220 1615; x_wconf 83' lang='lat' dir='ltr'>praehabito)</span> <span class='ocrx_word' id='word_1_130' title='bbox 1239 1570 1457 1605; x_wconf 86' lang='lat' dir='ltr'>defendebat.</span> 
     </span>
    </p>
   </div>
   <div class='ocr_carea' id='block_1_5' title="bbox 354 1730 1662 2187">
    <p class='ocr_par' dir='ltr' id='par_1_5' title="bbox 354 1730 1662 2187">
     <span class='ocr_line' id='line_1_16' title="bbox 408 1730 1662 1779; baseline 0.002 -12"><span class='ocrx_word' id='word_1_131' title='bbox 408 1733 542 1773; x_wconf 90' lang='lat' dir='ltr'>Primo,</span> <span class='ocrx_word' id='word_1_132' title='bbox 564 1730 636 1767; x_wconf 87' lang='lat' dir='ltr'>Ubi</span> <span class='ocrx_word' id='word_1_133' title='bbox 663 1732 821 1767; x_wconf 83' lang='lat' dir='ltr'>Thomas</span> <span class='ocrx_word' id='word_1_134' title='bbox 847 1732 1000 1767; x_wconf 85' lang='lat' dir='ltr'>Lawder</span> <span class='ocrx_word' id='word_1_135' title='bbox 1025 1733 1101 1779; x_wconf 85' lang='lat' dir='ltr'>ejus</span> <span class='ocrx_word' id='word_1_136' title='bbox 1127 1734 1373 1778; x_wconf 73' lang='lat' dir='ltr'>praedecessor,</span> <span class='ocrx_word' id='word_1_137' title='bbox 1393 1733 1418 1767; x_wconf 87' lang='lat' dir='ltr'>J</span> <span class='ocrx_word' id='word_1_138' title='bbox 1419 1733 1566 1768; x_wconf 87' lang='lat' dir='ltr'>acobum</span> <span class='ocrx_word' id='word_1_139' title='bbox 1593 1735 1662 1770; x_wconf 89' lang='lat' dir='ltr'>Fo-</span> 
     </span>
     <span class='ocr_line' id='line_1_17' title="bbox 356 1813 1659 1860; baseline 0.003 -13"><span class='ocrx_word' id='word_1_140' title='bbox 356 1813 531 1860; x_wconf 87' lang='lat' dir='ltr'>thringay</span> <span class='ocrx_word' id='word_1_141' title='bbox 555 1824 661 1859; x_wconf 87' lang='lat' dir='ltr'>super</span> <span class='ocrx_word' id='word_1_142' title='bbox 686 1814 823 1860; x_wconf 88' lang='lat' dir='ltr'>injusta</span> <span class='ocrx_word' id='word_1_143' title='bbox 845 1814 1046 1848; x_wconf 82' lang='lat' dir='ltr'>detentione</span> <span class='ocrx_word' id='word_1_144' title='bbox 1072 1821 1250 1849; x_wconf 87' lang='lat' dir='ltr'>terrarum</span> <span class='ocrx_word' id='word_1_145' title='bbox 1275 1815 1588 1850; x_wconf 85' lang='lat' dir='ltr'>ecclesiasticarum</span> <span class='ocrx_word' id='word_1_146' title='bbox 1616 1818 1659 1851; x_wconf 91' lang='lat' dir='ltr'>de</span> 
     </span>
     <span class='ocr_line' id='line_1_18' title="bbox 356 1894 1658 1943; baseline 0.004 -15"><span class='ocrx_word' id='word_1_147' title='bbox 356 1894 507 1928; x_wconf 84' lang='lat' dir='ltr'>Fordale</span> <span class='ocrx_word' id='word_1_148' title='bbox 523 1895 562 1929; x_wconf 92' lang='lat' dir='ltr'>in</span> <span class='ocrx_word' id='word_1_149' title='bbox 574 1895 675 1930; x_wconf 85' lang='lat' dir='ltr'>litem</span> <span class='ocrx_word' id='word_1_150' title='bbox 688 1896 833 1941; x_wconf 90' lang='lat' dir='ltr'>longam</span> <span class='ocrx_word' id='word_1_151' title='bbox 847 1900 1017 1935; x_wconf 85' lang='lat' dir='ltr'>traxerat,</span> <span class='ocrx_word' id='word_1_152' title='bbox 1034 1896 1096 1930; x_wconf 90' lang='lat' dir='ltr'>sed</span> <span class='ocrx_word' id='word_1_153' title='bbox 1113 1897 1198 1941; x_wconf 90' lang='lat' dir='ltr'>quia</span> <span class='ocrx_word' id='word_1_154' title='bbox 1212 1894 1267 1939; x_wconf 92' lang='lat' dir='ltr'>(ut</span> <span class='ocrx_word' id='word_1_155' title='bbox 1284 1896 1480 1943; x_wconf 84' lang='lat' dir='ltr'>dicebatur)</span> <span class='ocrx_word' id='word_1_156' title='bbox 1494 1897 1658 1933; x_wconf 89' lang='lat' dir='ltr'>Andreas</span> 
     </span>
     <span class='ocr_line' id='line_1_19' title="bbox 355 1975 1657 2025; baseline 0.003 -15"><span class='ocrx_word' id='word_1_157' title='bbox 355 1976 519 2010; x_wconf 84' lang='lat' dir='ltr'>dominus</span> <span class='ocrx_word' id='word_1_158' title='bbox 527 1975 725 2017; x_wconf 84' lang='lat' dir='ltr'>Avandale,</span> <span class='ocrx_word' id='word_1_159' title='bbox 737 1981 824 2025; x_wconf 85' lang='lat' dir='ltr'>tunc</span> <span class='ocrx_word' id='word_1_160' title='bbox 834 1976 963 2012; x_wconf 88' lang='lat' dir='ltr'>Scotiae</span> <span class='ocrx_word' id='word_1_161' title='bbox 972 1978 1213 2018; x_wconf 86' lang='lat' dir='ltr'>cancellarius,</span> <span class='ocrx_word' id='word_1_162' title='bbox 1225 1978 1323 2013; x_wconf 87' lang='lat' dir='ltr'>laicis</span> <span class='ocrx_word' id='word_1_163' title='bbox 1331 1983 1455 2013; x_wconf 87' lang='lat' dir='ltr'>contra</span> <span class='ocrx_word' id='word_1_164' title='bbox 1465 1980 1657 2021; x_wconf 87' lang='lat' dir='ltr'>ecclesiam,</span> 
     </span>
     <span class='ocr_line' id='line_1_20' title="bbox 354 2056 1655 2104; baseline 0.004 -13"><span class='ocrx_word' id='word_1_165' title='bbox 354 2056 416 2091; x_wconf 91' lang='lat' dir='ltr'>ubi</span> <span class='ocrx_word' id='word_1_166' title='bbox 434 2057 608 2102; x_wconf 86' lang='lat' dir='ltr'>possessio</span> <span class='ocrx_word' id='word_1_167' title='bbox 626 2069 700 2092; x_wconf 88' lang='lat' dir='ltr'>non</span> <span class='ocrx_word' id='word_1_168' title='bbox 723 2062 799 2093; x_wconf 83' lang='lat' dir='ltr'>erat</span> <span class='ocrx_word' id='word_1_169' title='bbox 822 2057 978 2103; x_wconf 87' lang='lat' dir='ltr'>pacifica,</span> <span class='ocrx_word' id='word_1_170' title='bbox 994 2058 1159 2099; x_wconf 82' lang='lat' dir='ltr'>favebat3</span> <span class='ocrx_word' id='word_1_171' title='bbox 1184 2059 1279 2094; x_wconf 89' lang='lat' dir='ltr'>dicto</span> <span class='ocrx_word' id='word_1_172' title='bbox 1295 2060 1495 2104; x_wconf 86' lang='lat' dir='ltr'>praesertim</span> <span class='ocrx_word' id='word_1_173' title='bbox 1512 2060 1536 2094; x_wconf 88' lang='lat' dir='ltr'>J</span> <span class='ocrx_word' id='word_1_174' title='bbox 1537 2061 1655 2103; x_wconf 88' lang='lat' dir='ltr'>acobo,</span> 
     </span>
     <span class='ocr_line' id='line_1_21' title="bbox 354 2139 1654 2187; baseline 0.004 -14"><span class='ocrx_word' id='word_1_175' title='bbox 354 2139 438 2184; x_wconf 90' lang='lat' dir='ltr'>quia</span> <span class='ocrx_word' id='word_1_176' title='bbox 456 2139 524 2174; x_wconf 91' lang='lat' dir='ltr'>sibi</span> <span class='ocrx_word' id='word_1_177' title='bbox 537 2139 576 2173; x_wconf 92' lang='lat' dir='ltr'>in</span> <span class='ocrx_word' id='word_1_178' title='bbox 588 2139 770 2174; x_wconf 82' lang='lat' dir='ltr'>hominem</span> <span class='ocrx_word' id='word_1_179' title='bbox 783 2139 961 2186; x_wconf 87' lang='lat' dir='ltr'>obligatus</span> <span class='ocrx_word' id='word_1_180' title='bbox 979 2144 1055 2174; x_wconf 87' lang='lat' dir='ltr'>erat</span> <span class='ocrx_word' id='word_1_181' title='bbox 1067 2149 1077 2180; x_wconf 71' lang='grc' dir='ltr'><strong>ς</strong></span> <span class='ocrx_word' id='word_1_182' title='bbox 1096 2140 1292 2187; x_wconf 87' lang='lat' dir='ltr'>negotium,</span> <span class='ocrx_word' id='word_1_183' title='bbox 1305 2141 1367 2175; x_wconf 88' lang='lat' dir='ltr'>lite</span> <span class='ocrx_word' id='word_1_184' title='bbox 1385 2141 1535 2187; x_wconf 86' lang='lat' dir='ltr'>incepta,</span> <span class='ocrx_word' id='word_1_185' title='bbox 1548 2143 1654 2178; x_wconf 86' lang='lat' dir='ltr'>finem</span> 
     </span>
    </p>
   </div>
   <div class='ocr_carea' id='block_1_6' title="bbox 353 2221 1654 2268">
    <p class='ocr_par' dir='ltr' id='par_1_6' title="bbox 353 2221 1654 2268">
     <span class='ocr_line' id='line_1_22' title="bbox 353 2221 1654 2268; baseline 0.003 -13"><span class='ocrx_word' id='word_1_186' title='bbox 353 2221 391 2255; x_wconf 91' lang='lat' dir='ltr'>in</span> <span class='ocrx_word' id='word_1_187' title='bbox 408 2222 506 2256; x_wconf 85' lang='lat' dir='ltr'>curia</span> <span class='ocrx_word' id='word_1_188' title='bbox 523 2221 634 2268; x_wconf 88' lang='lat' dir='ltr'>Regis</span> <span class='ocrx_word' id='word_1_189' title='bbox 651 2233 724 2256; x_wconf 91' lang='lat' dir='ltr'>non</span> <span class='ocrx_word' id='word_1_190' title='bbox 740 2221 877 2257; x_wconf 91' lang='lat' dir='ltr'>habuit.</span> <span class='ocrx_word' id='word_1_191' title='bbox 916 2221 1001 2256; x_wconf 92' lang='lat' dir='ltr'>Ideo</span> <span class='ocrx_word' id='word_1_192' title='bbox 1017 2222 1112 2256; x_wconf 92' lang='lat' dir='ltr'>idem</span> <span class='ocrx_word' id='word_1_193' title='bbox 1130 2221 1288 2257; x_wconf 82' lang='lat' dir='ltr'>Thomas</span> <span class='ocrx_word' id='word_1_194' title='bbox 1306 2223 1380 2258; x_wconf 82' lang='lat' dir='ltr'>suis</span> <span class='ocrx_word' id='word_1_195' title='bbox 1397 2225 1654 2259; x_wconf 88' lang='lat' dir='ltr'>successoribus</span> 
     </span>
    </p>
   </div>
  </div>
 </body>
</html>
