1964 2894
347 391 387 421 14
516 388 643 420 VITAE
668 386 1007 420 EPISCOPORUM
1033 384 1464 417 DUNKELDENSIUM.
1503 389 1507 394 ¹

336 492 541 538 Striveling,
554 492 711 538 jacentes
728 492 767 526 in
783 491 951 537 parochia
967 491 1010 524 de
1028 489 1174 534 Lecrop.
1218 488 1370 534 Legitur
1387 487 1495 521 etiam
1512 487 1550 521 in
1568 497 1643 521 cro-

336 573 435 612 nicis,
448 574 490 607 de
501 573 671 618 praedicto
681 572 841 606 antistite
852 571 963 607 nobili
977 575 1013 605 et
1021 570 1262 616 magnanimo,
1275 569 1449 603 existente
1462 568 1501 602 in
1510 569 1643 612 palatio

335 665 400 688 suo
417 654 460 687 de
485 653 709 693 Outhertule‚
727 653 919 687 vicecomes
937 652 980 686 de
998 651 1087 697 Fyff
1108 662 1188 685 cum
1214 656 1335 685 turma
1358 650 1642 696 quingentorum

335 739 554 769 armatorum
568 735 613 768 ad
625 733 764 780 Anglos
782 733 1005 778 expellendos
1023 733 1252 777 supervenit3
1273 732 1335 766 sed
1352 731 1552 776 percipiens
1566 730 1644 765 An-

336 817 412 862 glos
426 816 601 860 intrepide
619 826 724 860 super
741 816 876 850 rurales
890 815 1071 854 desaevire,
1085 814 1228 848 retortis
1242 813 1389 847 habenis
1403 812 1502 858 fugae
1519 823 1646 846 consu-

337 898 414 931 luit.
453 897 599 931 Auditis
617 897 698 937 hiis,
716 897 900 941 episcopus
918 907 955 930 se
969 896 1039 930 cito
1057 895 1222 935 armavit,
1240 905 1374 939 equum
1386 894 1544 928 ascendit
1562 903 1643 927 cum

337 979 522 1024 sexaginta
538 979 611 1012 suis
629 978 674 1012 ad
687 978 853 1023 proelium
870 977 993 1017 doctis,
1011 981 1047 1011 et
1064 976 1134 1010 cito
1153 975 1299 1010 obvium
1313 975 1443 1008 habuit
1462 975 1647 1008 vicecomi-

336 1065 419 1100 tem,
437 1061 494 1095 cui
508 1061 601 1094 clara
614 1070 698 1094 voce
709 1060 811 1099 dixit,
829 1062 850 1078 ‘⁶
863 1058 937 1093 Cur
950 1063 1025 1093 tam
1043 1058 1240 1092 vecorditer
1253 1056 1433 1090 revertitis
1445 1055 1482 1088 ?’'
1500 1065 1647 1099 respon-

337 1142 389 1175 dit
402 1142 604 1181 vicecomes,
619 1144 640 1159 “
653 1141 747 1181 Quia
759 1139 871 1186 Angli
889 1141 1008 1185 plures
1026 1139 1127 1173 nobis
1146 1143 1242 1178 sunt,
1256 1143 1292 1172 et
1307 1138 1421 1171 multo
1434 1136 1598 1171 fortiores
1612 1136 1642 1175 ;''

337 1223 518 1266 respondit
530 1222 725 1266 episcopus,
740 1224 760 1240 ‘⁶
773 1221 935 1267 Dignum
949 1225 1042 1255 certe
1060 1225 1161 1260 esset,
1174 1219 1267 1265 Regi
1279 1219 1429 1253 calcaria
1441 1219 1612 1252 deaurata
1626 1229 1647 1252 a

337 1304 417 1337 talis
430 1303 557 1338 vestris
571 1303 759 1348 praescindi
774 1303 943 1336 mandare
955 1313 964 1342 ;
984 1302 1175 1347 sequimini
1189 1312 1256 1342 me,
1269 1306 1304 1335 et
1318 1301 1355 1334 in
1367 1301 1510 1335 nomine
1522 1300 1647 1346 Domi-

337 1385 374 1418 ni
394 1383 528 1424 (sancto
540 1384 715 1419 Columba
727 1384 986 1428 patrocinante,
1001 1384 1102 1429 cujus
1117 1387 1250 1417 terram
1268 1383 1472 1428 destruunt)
1485 1393 1591 1427 super
1604 1393 1645 1416 eo

338 1467 403 1500 ulti
416 1466 578 1500 erimus.’'
610 1465 689 1500 Hoc
700 1465 806 1505 dicto,
817 1465 996 1499 chiminili
1009 1476 1030 1499 a
1041 1476 1077 1498 se
1088 1464 1230 1510 rejecto,
1241 1464 1356 1497 diram
1367 1465 1524 1497 lanceam
1535 1474 1644 1497 manu

338 1547 501 1591 arripuit,
519 1557 651 1592 equum
670 1546 865 1580 calcaribus
883 1550 1000 1591 urget,
1019 1556 1084 1580 nec
1101 1546 1193 1579 dixit
1211 1545 1423 1585 vicecomiti,
1443 1548 1463 1563 “
1482 1544 1499 1578 I
1517 1545 1644 1589 prior?

338 1629 399 1662 sed
411 1632 431 1646 ‘⁶
440 1639 584 1673 sequere
595 1629 624 1668 ;”
636 1639 743 1672 quem
754 1627 877 1667 secuti,
889 1631 925 1661 et
936 1638 1016 1661 cum
1025 1627 1188 1661 hostibus
1200 1627 1391 1673 congressi,
1403 1626 1553 1660 victoria
1563 1631 1648 1661 sunt

339 1710 487 1744 feliciter
504 1710 619 1754 potiti.
660 1708 712 1743 Et
729 1709 931 1743 ceciderunt
945 1709 988 1742 de
1001 1707 1131 1754 Anglis
1150 1709 1210 1742 illo
1222 1709 1278 1742 die
1289 1708 1477 1754 quingenti
1491 1713 1526 1741 et
1539 1709 1646 1746 ultra,

339 1796 471 1836 praeter
491 1791 688 1835 complures
709 1789 771 1835 qui
789 1789 963 1823 intrantes
981 1789 1154 1835 bargiam,
1172 1789 1270 1823 illam
1287 1789 1399 1823 nimia
1416 1789 1646 1823 multitudine

340 1876 536 1912 onerantes,
554 1872 592 1905 in
609 1871 700 1905 mari
718 1876 803 1905 sunt
819 1871 1003 1905 submersi.
1030 1870 1081 1904 Et
1094 1875 1216 1915 postea
1230 1870 1310 1904 Rex
1323 1870 1502 1904 Robertus
1516 1871 1559 1904 de
1570 1870 1647 1905 An-

341 1954 415 1999 glia
439 1953 590 1993 rediens,
609 1953 745 1987 dictum
763 1953 966 1997 episcopum
984 1952 1023 1986 in
1040 1952 1197 1986 maximo
1220 1952 1353 1986 honore
1371 1952 1508 1992 habuit,
1532 1957 1567 1986 et
1593 1954 1646 1997 ip-

342 2045 421 2068 sum
434 2034 645 2078 peculiarius
659 2034 795 2068 caeteris
809 2034 1013 2079 episcopum
1026 2045 1131 2068 suum
1142 2035 1326 2069 nominare
1340 2034 1473 2069 solebat
1486 2045 1495 2075 ;
1515 2039 1550 2069 et
1563 2035 1647 2069 scri-

343 2115 457 2149 bendo
471 2115 596 2155 eidem,
610 2127 632 2149 a
648 2120 750 2161 tergo
766 2115 951 2149 literarum
968 2115 1075 2150 scribi
1092 2115 1185 2156 fecit,
1201 2119 1222 2134 “
1236 2116 1398 2161 episcopo
1415 2116 1568 2160 nostro?
1595 2115 1646 2150 Et

344 2207 424 2230 cum
449 2196 652 2231 cathedram
678 2197 827 2231 rexisset
853 2207 963 2232 annos
990 2197 1128 2231 circiter
1154 2198 1283 2243 viginti
1309 2198 1478 2242 quinque,
1502 2197 1646 2231 tandem
