2044 2906
423 347 469 378 82
722 342 986 375 COMPOTUM
1009 343 1181 375 DECANI
1204 342 1419 375 ANGUSIE.

470 451 581 488 IDEM
596 459 801 499 compotans
815 459 938 489 onerat
951 454 985 489 se
1003 455 1046 488 de
1063 455 1164 500 xxxij
1184 455 1220 488 li.
1239 455 1282 489 de
1299 455 1449 501 integris
1467 454 1728 500 procuracioni-

419 535 484 570 bus
511 534 732 571 ecclefiarum
748 536 802 571 sui
819 537 1010 571 decanatus
1036 537 1074 570 in
1100 537 1278 581 prioribus
1296 537 1468 582 compotis
1485 534 1723 582 expressarum

418 618 461 652 de
472 629 566 653 anno
578 624 636 653 ‘³tc“²
648 620 684 652 ve
693 619 770 665 ij„
783 618 834 653 Et
845 620 888 653 de
898 619 999 665 xxxij
1015 619 1052 653 li.
1066 620 1110 653 de
1125 618 1254 654 eisdem
1272 619 1588 665 procuracionibus
1598 631 1724 655 earun-

415 700 495 733 dem
512 697 734 735 ecclefiarum
751 702 794 735 de
816 698 913 747 Crop
930 701 1015 735 anni
1029 705 1088 735 ‘tc‘
1107 702 1142 735 v‘
1158 698 1243 747 ijmn
1265 700 1317 736 Et
1330 702 1373 735 de
1390 702 1452 748 xxj
1468 702 1504 735 li.
1523 702 1561 735 ix
1578 703 1604 736 ἔ.
1618 680 1670 748 {fij
1685 699 1720 735 d.

416 782 458 816 de
477 782 566 817 Cota
584 783 730 817 Domini
748 794 792 817 ex
809 782 1026 818 testamentis
1044 783 1293 818 defunctorum
1315 795 1379 829 per
1402 788 1544 829 tempus
1566 785 1720 829 compoti

496 864 644 898 Summa
660 864 769 910 hujus
788 865 904 899 oneris
922 843 1033 911 iiijnv
1050 866 1088 900 li.
1105 865 1143 899 ix
1161 867 1187 899 ἔ.
1205 843 1257 911 1ῗῇ
1277 863 1311 900 d.

1160 924 1185 938 οἳ

495 945 642 979 Summa
659 946 771 980 tocius
789 946 906 980 oneris
924 957 1006 980 cum
1024 943 1133 980 Resta
1149 946 1234 992 iiij¹¹
1253 947 1313 992 xvj
1333 947 1370 980 li.
1390 947 1452 992 viij
1473 949 1501 981 ἔ.
1519 947 1571 993 iiij
1590 944 1627 981 d.

461 1110 698 1145 EXPENSE
734 1109 906 1156 Ejusdem
958 1110 1003 1144 In
1036 1111 1162 1154 primis
1197 1111 1370 1145 allocatur
1404 1111 1623 1155 compotanti
1653 1122 1717 1156 per

408 1194 654 1228 liberacionem
682 1193 812 1227 factam
838 1193 994 1227 Domino
1020 1204 1084 1237 per
1115 1205 1241 1227 manus
1269 1194 1486 1237 precentoris
1513 1194 1556 1226 de
1590 1205 1716 1238 procu-

407 1276 608 1311 racionibus
631 1273 768 1310 ecclesle
793 1276 835 1309 de
861 1275 1064 1309 Kinclewin
1090 1276 1133 1309 de
1158 1276 1260 1309 annis
1285 1276 1439 1320 compoti
1466 1280 1507 1309 ut
1531 1279 1629 1319 patet
1651 1287 1715 1320 per

406 1359 616 1403 scripturam
644 1358 790 1392 Domini
812 1358 888 1403 ejus
915 1369 1024 1391 manu
1041 1356 1274 1402 subscriptam
1301 1355 1471 1391 ostensam
1491 1356 1595 1402 super
1620 1369 1713 1392 com-

407 1447 531 1487 potum
545 1453 568 1476 v
581 1442 617 1475 li.
633 1441 668 1486 vj
687 1442 711 1474 ἔ.
728 1441 789 1486 viij
805 1438 839 1474 d.
859 1487 862 1490 ἦ
879 1439 929 1474 Et
948 1441 1120 1474 allocatur
1137 1441 1251 1474 eidem
1269 1440 1488 1484 compotanti
1505 1451 1569 1484 per
1585 1440 1713 1474 libera-

407 1525 542 1558 cionem
563 1524 693 1558 factam
716 1521 889 1569 Magistro
916 1523 1073 1557 Roberto
1095 1523 1236 1567 Spanke
1255 1521 1451 1556 Senescallo
1469 1522 1615 1556 Domini
1633 1534 1712 1567 pre-

407 1605 541 1640 sentiet
556 1606 681 1640 fatenti
695 1605 798 1650 super
812 1610 1015 1650 compotum
1029 1606 1072 1639 de
1086 1581 1216 1651 viginti
1235 1606 1336 1641 libris
1350 1616 1414 1650 pro
1428 1605 1558 1650 quibus
1572 1604 1712 1650 respon-

406 1688 502 1722 debit
520 1689 557 1722 in
579 1689 741 1732 proximo
759 1693 921 1732 compoto
938 1687 999 1723 suo
1017 1689 1196 1722 reddendo
1248 1688 1299 1722 Et
1321 1689 1494 1722 allocatur
1512 1688 1624 1721 eidem
1648 1698 1711 1731 per

405 1771 651 1805 liberacionem
672 1770 801 1804 factam
822 1768 996 1816 Magistro
1015 1770 1134 1804 Dauid
1152 1770 1311 1804 Carraile
1329 1770 1465 1804 Clerico
1482 1769 1709 1803 Vicecomitis

404 1855 447 1888 de
466 1853 595 1887 Forfar
606 1864 670 1898 pro
680 1857 834 1897 quatuor
847 1852 1053 1886 Retornatis
1072 1858 1248 1887 terrarum
1263 1853 1305 1886 de
1323 1852 1667 1897 Cragnathroxxviij
1681 1853 1707 1884 ἔ.

504 1935 650 1969 Summa
667 1934 776 1980 hujus
793 1933 940 1979 expense
958 1935 1019 1980 xxj
1039 1935 1074 1968 li.
1095 1935 1156 1981 viij
1177 1936 1202 1968 ἔ.

502 2016 649 2050 Summa
667 2016 825 2050 omnium
840 2015 1071 2060 expensarum
1090 2016 1175 2062 xxvj
1192 2017 1228 2050 li.
1243 1995 1320 2061 xffij
1336 2018 1361 2050 Ξ.
1378 2017 1438 2062 viij
1458 2014 1492 2050 d.
1538 2015 1587 2050 Et
1604 2015 1706 2049 debet

502 2103 707 2143 compotans
726 2111 790 2143 pro
804 2099 936 2143 quibus
954 2098 1178 2143 respondebit
1195 2099 1234 2133 in
1251 2103 1414 2143 compoto
1432 2098 1564 2132 fabrice
1580 2098 1705 2133 Pontis

500 2181 676 2215 reddendo
694 2181 803 2226 iijuix
820 2181 856 2215 li.
874 2181 937 2226 xiij
958 2182 982 2214 ἔ.
1003 2182 1064 2227 viij
1085 2179 1119 2216 d.
