1964 2894
333 374 373 403 22
487 372 614 404 VITAE
639 371 978 404 EPISCOPORUM
1001 369 1436 402 DUNKELDENSIUM.

330 478 482 518 ticostes,
499 477 537 511 in
554 477 697 511 ecclesia
718 487 784 510 sua
799 475 971 522 majorem
988 474 1222 509 celebrantem
1240 473 1399 513 missam,
1417 472 1571 518 sagittis,
1588 473 1626 506 vi

323 564 359 593 et
377 559 497 599 armis,
514 570 555 593 ac
570 569 680 593 manu
703 561 850 597 annata,
868 556 963 591 infra
985 556 1166 590 ecclesiam
1187 555 1336 596 invasit,
1354 555 1406 589 ita
1429 558 1472 588 ut
1495 554 1627 588 relictis

326 642 514 675 missarum
531 639 709 680 solenniis,
722 638 839 674 trabes
853 638 951 673 chori
965 638 1131 673 scandere
1144 638 1349 683 compulsus
1364 641 1419 672 est
1432 636 1628 682 episcopus.

326 723 394 756 Sed
411 722 526 757 dictus
548 721 753 756 Alexander
775 721 939 756 tirannus
961 721 1049 755 alias
1071 719 1316 765 implacabilis,
1341 723 1483 764 recepto
1509 729 1630 753 seeum

325 803 514 838 contribuli
534 815 610 844 suo,
627 804 795 844 recessit;
827 807 864 837 et
885 803 974 837 dum
991 801 1153 847 pontifex
1169 802 1247 848 regi
1268 802 1461 847 quaerelam
1478 800 1630 840 fecisset,

327 886 406 919 Rex
429 887 563 920 dictum
580 884 828 919 Alexandrum
850 885 978 918 ultimo
1001 884 1201 928 punivisset
1218 883 1403 928 supplicio,
1426 882 1497 916 nisi
1519 882 1631 916 domi-

325 977 391 1000 nus
410 966 589 1000 Glammes
615 963 728 1011 (regia
745 976 896 1011 magnus
914 965 952 998 in
970 964 1095 1010 curia,)
1113 964 1198 998 data
1213 964 1309 998 dicto
1326 962 1534 997 Alexandro
1557 963 1630 996 filia

323 1047 455 1092 absque
473 1047 565 1087 dote,
578 1057 653 1080 rem
671 1046 936 1091 composuisset,
952 1045 1092 1092 regium
1109 1046 1282 1090 placasset
1299 1045 1472 1085 animum,
1490 1048 1526 1079 et
1542 1054 1630 1089 pon-

323 1128 425 1162 tificis
449 1128 598 1174 injurias
621 1127 666 1162 ob
687 1127 821 1174 gratias
843 1127 952 1162 curiae
970 1126 1181 1162 obtinendas
1198 1126 1372 1162 deliniret.
1426 1126 1497 1161 Hic
1518 1126 1627 1160 etiam

328 1208 500 1260 pontifex,
517 1220 540 1243 a
554 1208 579 1242 J
580 1208 687 1243 acobo
708 1209 862 1243 secundo
879 1220 961 1255 rege
978 1207 1165 1244 Scotorum
1183 1209 1437 1249 illustrissimo,
1459 1209 1628 1253 impetra-

329 1291 382 1324 vit
399 1301 520 1325 omnes
537 1295 650 1324 terras
667 1290 820 1325 ecclesiae
842 1301 918 1325 suae
935 1301 980 1325 ex
995 1295 1097 1336 parte
1113 1290 1246 1325 boreali
1264 1302 1367 1336 aquae
1385 1291 1428 1325 de
1446 1290 1572 1332 Forth,
1590 1291 1628 1324 in

325 1383 433 1405 unam
451 1372 646 1412 baroniam,
660 1376 821 1406 vocatam
838 1371 987 1407 baronia
1003 1371 1279 1413 Dunkeldensis,
1301 1373 1531 1418 incorporari,
1543 1373 1626 1408 data

325 1464 397 1486 una
414 1454 529 1487 solum
547 1453 585 1487 in
599 1454 697 1487 curia
710 1453 821 1499 Regis
834 1453 877 1487 de
891 1453 1003 1487 Perth
1020 1458 1137 1495 secta3
1156 1458 1191 1487 et
1209 1465 1331 1488 omnes
1344 1459 1458 1488 terras
1476 1455 1627 1489 domini-

324 1534 412 1568 cales
430 1534 473 1567 de
488 1534 675 1574 Prestoun,
689 1533 847 1573 Bonkill,
859 1533 1066 1578 Abirlathy‚
1080 1534 1310 1575 Crawmund,
1323 1540 1359 1568 et
1376 1534 1572 1576 Abercorn,
1587 1547 1627 1570 ac

322 1620 466 1649 caeteras
481 1620 596 1649 terras
614 1626 689 1649 suae
711 1615 876 1655 ecclesiae,
895 1626 939 1649 ex
955 1619 1057 1660 parte
1074 1616 1223 1650 australi
1250 1627 1354 1661 aquae
1376 1617 1420 1650 de
1438 1616 1564 1657 Forth,
1586 1618 1626 1651 in

320 1707 427 1730 unam
445 1696 639 1736 baroniam,
657 1697 851 1731 vocandam
872 1695 1085 1742 Aberlathy,
1104 1702 1140 1732 et
1163 1708 1228 1742 pro
1252 1709 1325 1732 una
1347 1702 1443 1733 secta
1463 1699 1502 1733 in
1525 1699 1624 1733 curia

320 1777 429 1823 Regis
443 1777 486 1810 de
500 1776 726 1823 Edinburgh.
747 1777 818 1811 Hic
831 1778 939 1812 etiam
953 1777 1116 1822 pontifex
1125 1789 1253 1813 navem
1267 1779 1433 1820 ecclesiae,
1445 1780 1622 1825 inceptam

320 1869 341 1905 a
357 1857 515 1893 Roberto
532 1858 697 1905 Cardeny
713 1858 979 1904 praedecessore,
997 1859 1223 1895 laudabiliter
1241 1862 1512 1902 consummavit,
1527 1863 1621 1897 vitro

320 1939 490 1975 fenestras
504 1952 625 1975 omnes
636 1941 826 1982 decoravit,
840 1942 942 1988 tigna
955 1943 1098 1983 velavit,
1113 1943 1200 1977 etin
1215 1944 1530 1979 consummationis
1544 1955 1620 1980 suae

320 2022 425 2056 decus
438 2023 613 2067 porticum
627 2023 780 2057 eeclesiae
794 2027 875 2057 ante
887 2023 1018 2069 januas
1032 2024 1203 2059 australes
1221 2025 1364 2066 struxit,
1378 2030 1413 2060 et
1426 2027 1620 2071 sculptoria

321 2108 396 2137 arte
413 2104 596 2150 ymagines
614 2104 744 2139 ibidem
762 2116 850 2150 quas
868 2105 1030 2140 decenter
1046 2107 1187 2141 locavit.
1230 2106 1416 2142 Postremo
1437 2108 1617 2143 ecclesiam

319 2185 430 2229 ipsam
445 2185 597 2230 propriis
614 2185 777 2220 manibus
790 2186 977 2226 dedicavit,
989 2198 1083 2221 anno
1096 2188 1230 2222 domini
1243 2189 1431 2223 millesimo
1447 2189 1616 2234 quadrin-
