2044 2906
386 1009 506 1064 QUO
529 1021 644 1067 major
660 1021 743 1055 huic
761 1021 878 1055 libello
895 1021 980 1055 fides
999 1020 1183 1061 habeatur,
1200 1030 1313 1065 pauca
1329 1020 1372 1054 de
1385 1024 1528 1055 auctore
1545 1020 1689 1065 praefari

383 1121 526 1163 placuit.
578 1119 650 1154 Ubi
669 1120 763 1153 enim
787 1123 1016 1154 monumenta
1033 1131 1052 1153 e
1069 1119 1198 1164 quibus
1216 1119 1414 1154 confectum
1432 1120 1480 1154 sit
1496 1130 1585 1164 opus
1597 1120 1689 1165 jam-

383 1220 516 1253 dudum
535 1220 654 1254 omnia
671 1220 817 1263 periere,
836 1219 952 1262 operis
970 1218 1113 1263 quidem
1136 1219 1291 1263 pretium
1312 1223 1391 1253 tum
1413 1219 1566 1252 maxime
1584 1229 1690 1264 auge-

383 1322 453 1356 tur,
479 1321 557 1352 tum
576 1329 696 1352 veram
723 1318 906 1362 scriptoris
933 1317 1200 1351 aestimationem
1227 1328 1268 1350 eo
1289 1317 1486 1351 accuratius
1507 1317 1690 1362 exquirere

382 1426 521 1450 necesse
538 1420 600 1450 est.

432 1513 647 1558 Quanquam
665 1515 708 1548 de
726 1513 802 1548 vita
818 1515 930 1548 nostri
948 1513 1089 1558 privata
1101 1525 1276 1559 perpauca
1289 1514 1421 1548 tradita
1434 1518 1528 1554 sunt,
1542 1525 1690 1548 munera

385 1616 503 1645 tamen
517 1611 668 1656 publica,
679 1622 760 1656 quae
774 1622 838 1656 per
851 1615 1042 1645 crescentes
1055 1622 1168 1656 usque
1182 1611 1367 1658 dignitatis
1380 1613 1512 1658 gradus
1523 1612 1689 1656 explevit,

385 1710 492 1743 talem
510 1720 591 1744 eum
608 1709 717 1743 fuisse
731 1714 899 1756 arguunt,
913 1714 948 1744 et
966 1715 1039 1744 tam
1052 1710 1179 1744 faustis
1194 1711 1356 1744 veritatis
1368 1711 1618 1756 cognoscendae
1635 1722 1690 1745 oc-

383 1807 581 1841 casionibus
598 1808 764 1853 potitum,
782 1812 824 1841 ut
836 1809 898 1842 vix
913 1808 1078 1842 dubitare
1090 1809 1204 1848 liceat,
1217 1809 1305 1854 quin
1315 1820 1370 1843 res
1385 1810 1441 1843 vel
1454 1820 1518 1844 suo
1531 1814 1688 1854 tempore

384 1907 439 1940 vel
466 1906 653 1942 vetustiori
681 1910 811 1952 gestas,
846 1918 999 1951 quarum
1025 1907 1235 1941 documenta
1264 1908 1302 1941 in
1332 1907 1496 1942 manibus
1525 1908 1690 1944 habuisse

383 2008 602 2047 compertum
621 2008 684 2044 est,
702 2004 854 2039 fideliter
870 2006 1059 2050 scripserit.

431 2100 636 2137 Alexander
658 2102 775 2148 Myln,
795 2104 911 2138 dictus
935 2105 974 2138 in
994 2104 1085 2138 libro
1104 2115 1168 2138 suo
1190 2107 1212 2122 ‘⁶
1228 2104 1466 2149 prebendatus
1491 2105 1534 2138 de
1560 2104 1689 2149 Mony-

382 2198 448 2244 thy
482 2200 520 2234 in
550 2200 693 2235 dioecesi
726 2196 984 2242 Dunkeldensi,
1020 2202 1248 2247 ejusdemque
1278 2203 1464 2237 dioeceseos
1493 2203 1691 2243 canonicus,
