2106 2894
413 369 484 401 110
694 365 964 399 COMPOTUM
986 365 1213 398 MAGISTRI
1235 365 1437 398 FABRICE

408 477 566 522 quinque
588 487 736 511 onerum
760 488 950 511 arenarum
967 477 1006 522 lij
1026 479 1052 510 ἔ.
1069 477 1106 523 xj
1119 488 1137 522 3
1154 475 1189 510 d.
1243 476 1295 511 Et
1321 477 1494 511 allocatur
1519 475 1633 509 eidem
1657 485 1720 519 per

408 558 655 593 liberacionem
682 559 812 593 factam
838 558 1007 593 lathomis
1034 563 1070 593 et
1097 569 1222 593 eorum
1246 557 1478 592 servitoribus
1500 557 1720 603 erigentibus

407 642 563 685 primum
598 652 721 675 arcum
746 641 866 686 pontis
896 640 1135 676 Dounkelden
1166 652 1188 674 a
1216 641 1333 685 primo
1362 638 1386 673 J
1389 639 1451 685 ulij
1480 640 1519 673 in
1550 640 1720 674 ultimum

408 722 625 767 Septembris
643 724 728 757 anni
745 723 899 768 compoti
917 723 955 769 iij
963 725 991 744 ¹¹
1010 723 1059 769 vij
1079 723 1116 757 li.
1135 722 1170 768 vj
1191 725 1217 756 s.
1260 721 1311 757 Et
1329 723 1504 756 allocatur
1521 722 1636 756 eidem
1655 732 1718 766 per

408 805 655 839 liberacionem
684 805 814 839 factam
849 805 1020 850 operariis
1054 804 1255 839 locantibus
1285 801 1323 849 ly
1351 801 1536 838 Bulwark
1571 808 1718 848 propter

406 884 636 921 retenfionem
655 898 745 932 aque
763 887 808 921 ab
826 898 911 921 arcu
928 899 949 921 a
966 887 1102 921 decimo
1120 886 1211 921 Maii
1227 887 1267 920 in
1283 887 1397 932 xxviij
1413 886 1437 920 J
1439 886 1515 932 unij
1531 886 1626 920 infra
1639 897 1718 930 pre-

405 969 482 1003 sens
500 974 702 1014 compotum
722 969 771 1014 vij
791 970 827 1003 li.
846 970 884 1002 ix
901 971 927 1003 s.
945 969 983 1002 ix
1000 967 1034 1002 d.
1086 968 1138 1003 Et
1160 970 1333 1002 allocatur
1351 969 1464 1002 eidem
1483 979 1547 1012 per
1564 968 1717 1012 empcio-

406 1063 486 1086 nem
509 1053 615 1086 unius
639 1051 729 1085 bolle
751 1062 945 1085 avenarum
973 1052 1017 1085 ad
1040 1052 1187 1085 veredos
1214 1062 1277 1095 per
1303 1055 1444 1095 tempus
1471 1051 1626 1095 compoti
1651 1061 1674 1083 v
1691 1054 1717 1084 ἓ.

405 1133 456 1167 Et
473 1135 645 1168 allocatur
662 1134 775 1167 eidem
797 1144 861 1178 per
883 1133 1132 1168 liberacionem
1156 1133 1288 1168 factam
1307 1133 1447 1167 Thome
1465 1132 1621 1178 Wrycht
1644 1144 1719 1168 car-

403 1216 564 1260 pentario
589 1217 627 1250 in
653 1216 797 1250 feodum
822 1214 925 1250 suum
950 1217 994 1250 ab
1018 1217 1147 1250 ultimo
1172 1221 1337 1261 compoto
1362 1217 1400 1251 in
1424 1217 1519 1250 diem
1543 1215 1714 1261 presentis

402 1300 555 1343 compoti
573 1310 596 1332 x
611 1300 646 1332 li.
685 1298 737 1333 Et
754 1300 928 1333 allocatur
945 1299 1059 1333 eidem
1077 1310 1140 1343 per
1157 1299 1407 1333 liberacionem
1424 1298 1556 1332 factam
1575 1298 1715 1333 Thome

402 1381 525 1414 Sawar
550 1381 638 1414 alias
671 1380 753 1414 Sow
779 1381 818 1415 in
842 1380 946 1415 feodo
971 1379 1033 1414 suo
1059 1381 1194 1425 capien.
1220 1392 1284 1425 per
1313 1391 1448 1414 annum
1474 1381 1716 1426 quadraginta

401 1461 527 1496 solidos
541 1466 576 1496 et
590 1461 698 1507 usque
709 1460 838 1496 festum
850 1462 971 1496 Sancti
986 1462 1085 1497 Petri
1098 1463 1195 1507 quod
1209 1463 1341 1496 dicitur
1353 1461 1415 1496 Ad
1426 1463 1572 1497 uincula
1585 1463 1714 1496 ultimo

402 1542 556 1588 elapsum
575 1545 759 1578 extenden.
779 1545 824 1578 ad
842 1550 914 1578 tres
932 1549 1078 1589 quartas
1097 1549 1217 1589 partes
1236 1545 1321 1579 anni
1338 1542 1432 1578 xxx‘j
1451 1547 1477 1578 ἔ.
1531 1544 1582 1578 Et
1599 1545 1713 1579 eidem

401 1626 534 1670 capien.
552 1637 615 1670 per
638 1627 732 1660 diem
756 1626 911 1661 Domino
934 1625 1075 1661 absente
1099 1627 1190 1661 citra
1214 1627 1344 1661 bollam
1370 1627 1409 1661 in
1434 1628 1652 1672 proprandio
1678 1633 1713 1661 et

400 1706 628 1752 postprandio
645 1709 832 1742 denarium
850 1720 872 1742 a
888 1707 977 1742 festo
991 1709 1251 1753 purificacionis
1269 1709 1371 1743 beate
1390 1709 1542 1755 virginis
1560 1710 1599 1743 in
1616 1710 1710 1743 diem

399 1787 593 1824 cessationis
624 1790 739 1834 operis
769 1801 840 1834 quo
870 1791 964 1824 idem
993 1790 1153 1825 Thomas
1181 1795 1328 1825 vocatus
1361 1789 1412 1824 est
1437 1791 1475 1824 in
1502 1790 1708 1835 obsequium

856 1849 881 1862 ΟΥ

838 1871 885 1878 ι...

398 1953 624 1987 candelarum
642 1964 708 1997 pro
726 1953 870 1986 verudis
887 1953 926 1986 in
943 1952 1070 1997 hyeme
1088 1953 1127 1986 in
1144 1964 1238 1987 anno
1256 1953 1391 1987 domini
1405 1950 1590 1987 millefimo
1606 1955 1711 1998 quin-

397 2032 591 2080 gentesimo
608 2035 688 2081 xiij⁰
706 2034 800 2068 infra
817 2033 957 2079 presens
975 2040 1180 2079 compotum
1197 2035 1247 2081 xij
1268 2032 1302 2069 d.
1342 2034 1394 2069 Et
1411 2035 1524 2069 eidem
1544 2047 1607 2080 per
1625 2037 1711 2070 libe-

395 2118 571 2151 racionem
596 2117 728 2152 factam
752 2114 800 2150 lie
823 2114 974 2163 Cowper
999 2118 1036 2151 in
1059 2117 1351 2152 reformacionem
1374 2115 1422 2151 lie
1442 2121 1576 2151 morter
1593 2116 1711 2152 tubbis

396 2197 548 2233 instante
572 2210 677 2243 opere
703 2199 792 2244 xviij
812 2196 846 2233 d.
900 2198 951 2233 Et
974 2200 1088 2233 eidem
1111 2211 1177 2244 pro
1202 2200 1438 2235 mundacione
1465 2201 1569 2235 calcis
1587 2202 1631 2235 ad
1649 2212 1703 2235 ce-
