2106 2894
714 384 882 418 PONTIS
903 382 1272 417 DUNKELDENSIS.
1575 385 1592 417 1
1599 384 1616 416 1
1622 385 1644 420 9

341 496 522 542 Stephano
538 495 716 542 Lindesay
733 508 799 542 pro
816 497 982 531 ductione
998 495 1146 531 sedecim
1165 495 1286 529 axium
1308 494 1397 528 alias
1413 490 1462 527 lie
1474 490 1607 527 extreis
1624 504 1645 526 a

340 577 544 613 Crannoeht
561 579 607 613 ad
630 590 720 623 opus
737 580 856 624 pontis
872 579 923 625 xij
943 576 978 613 d.
1029 577 1081 613 Et
1097 578 1121 612 J
1123 578 1256 613 ohanni
1273 576 1381 622 Rogy
1397 587 1463 628 pro
1481 575 1645 610 ductione

339 661 525 695 duodecim
542 658 590 695 lie
592 659 738 705 schoris
754 662 800 696 ad
817 660 865 695 lie
881 659 1044 695 bulwarlc
1060 672 1082 695 a
1099 658 1188 695 filva
1204 661 1248 695 de
1265 660 1341 708 Tor
1354 659 1416 705 viij
1436 657 1470 693 d.
1496 658 1548 693 Et
1561 659 1647 693 allo-

339 746 440 776 catur
458 743 572 777 eidem
589 754 654 788 per
669 743 920 777 liberacionem
936 742 1068 776 factam
1085 753 1152 786 pro
1169 740 1280 775 securi
1293 739 1476 787 cujusdam
1490 741 1646 775 hominis

338 824 384 858 ad
398 835 488 869 opus
505 825 625 869 pontis
636 835 681 858 ex
697 828 825 858 mutuo
836 823 960 858 habito
973 828 1010 858 et
1022 823 1143 857 furato
1160 823 1185 869 ij
1206 825 1232 857 ἔ.
1282 821 1335 856 Et
1346 823 1519 856 allocatur
1532 822 1644 856 eidem

338 917 401 950 per
420 900 671 942 liberacionein
687 906 818 940 factam
832 906 871 940 in
884 905 1103 950 empcionem
1117 905 1228 939 trium
1242 915 1415 949 equorum
1429 904 1646 938 verudorum

339 989 384 1022 ad
401 989 503 1023 redas
523 986 594 1023 five
610 989 738 1036 bighas
755 999 819 1033 per
836 993 977 1033 tempus
995 989 1150 1034 compoti
1175 988 1242 1032 vi3.
1259 988 1368 1022 unius
1385 987 1468 1032 equi
1486 987 1557 1021 albi
1574 986 1648 1021 Do-

340 1069 430 1103 mini
460 1068 484 1102 J
485 1069 585 1104 acob1
610 1070 663 1115 liij
688 1081 714 1103 5.
741 1070 792 1114 iiij
816 1067 851 1103 d.
884 1069 1030 1103 alterius
1056 1069 1138 1113 equi
1164 1068 1235 1102 albi
1260 1066 1285 1101 J
1286 1068 1438 1102 ohanms
1463 1067 1649 1114 Bynnyng

340 1150 423 1195 liij
408 1161 434 1183 s.
451 1150 504 1196 iiij
523 1147 557 1184 d.
584 1155 620 1184 et
637 1151 745 1184 unius
763 1150 846 1194 equi
863 1147 969 1195 grofij
990 1149 1143 1183 coloris'
1134 1149 1172 1195 1ij
1192 1149 1229 1183 li.
1273 1147 1325 1182 Et
1342 1149 1515 1183 allocatur
1533 1149 1646 1182 eidem

339 1233 377 1266 in
395 1232 615 1276 empcionem
632 1232 904 1276 quatuordecim
921 1229 1135 1266 frustrorum
1157 1231 1242 1265 ferri
1256 1232 1300 1265 de
1318 1231 1519 1277 Glengarry
1530 1231 1649 1275 precio

368 1291 393 1305 (π

339 1406 361 1429 a
378 1339 533 1440 Grec-rgio
550 1394 703 1428 Broun
693 1405 732 1428 1n
752 1394 884 1428 Dunde
908 1395 1008 1440 xxxij
1029 1406 1055 1428 5.
1073 1395 1112 1429 ix
1128 1392 1163 1429 d.
1214 1393 1267 1429 Et
1289 1395 1462 1429 allocatur
1480 1394 1621 1428 eidem
1610 1405 1649 1428 ln

341 1477 558 1521 empcionem
577 1475 709 1521 septem
726 1474 774 1510 lie
778 1475 921 1522 stcanys
937 1477 988 1511 fili
1000 1477 1062 1522 xxj
1077 1474 1112 1510 d.
1163 1476 1215 1511 Et
1232 1477 1314 1512 Fud
1331 1481 1367 1511 et
1384 1476 1539 1511 Stewart
1556 1477 1651 1510 auri-

341 1559 396 1603 gis
413 1557 641 1602 portantibus
658 1558 794 1593 dictum
812 1557 950 1593 ferrum
967 1559 1006 1592 in
1023 1556 1072 1592 lie
1089 1556 1237 1603 uncqstis
1254 1569 1275 1592 a
1287 1557 1418 1592 Dunde
1434 1536 1513 1603 xffij
1532 1555 1567 1591 d.
1598 1557 1650 1591 Et

342 1640 514 1674 alloeatur
530 1640 644 1674 eidem
663 1641 701 1675 in
718 1641 938 1685 empcionem
951 1645 1094 1675 centum
1108 1640 1315 1686 octuaginta
1328 1650 1456 1674 novem
1470 1638 1648 1673 serrorum

341 1732 514 1766 equorum
532 1732 554 1755 a
571 1721 674 1757 fabro
691 1723 734 1756 de
758 1721 976 1768 Slogynhole
999 1727 1035 1757 et
1056 1722 1193 1757 duobus
1215 1723 1258 1756 de
1276 1721 1405 1756 Pertht
1427 1732 1492 1766 per
1508 1725 1648 1766 tempus

341 1803 495 1847 compoti
513 1803 605 1837 varii
622 1804 733 1848 precii
746 1805 932 1838 extenden.
946 1804 986 1838 in
1003 1804 1106 1838 totali
1122 1803 1259 1838 summa
1277 1804 1322 1838 ad
1338 1803 1427 1849 xlvij
1447 1806 1473 1838 ἔ.
1492 1814 1515 1837 v
1526 1801 1559 1837 d.
1596 1801 1649 1837 Et

340 1885 378 1919 in
396 1884 615 1929 empcionem
632 1885 740 1919 unius
758 1886 892 1920 arconii
905 1885 978 1920 feni
996 1897 1018 1920 a
1030 1885 1185 1932 Georgio
1198 1885 1474 1930 Abbercrumby
1487 1886 1532 1919 ad
1547 1896 1650 1920 veru—

339 1967 403 2001 dos
420 1964 475 2000 xl‘³
488 1969 514 2001 ἔ.
562 1966 614 2001 Et
631 1978 697 2012 pro
720 1965 980 2002 constructione
996 1968 1104 2002 unius
1122 1965 1206 2002 fosse
1224 1968 1316 2002 circa
1333 1968 1427 2002 idem
1441 1968 1491 2013 xij
1511 1965 1545 2001 d.
1597 1966 1647 2000 Et

341 2049 512 2083 allocatur
529 2050 699 2095 eidemin
717 2051 935 2095 empcionem
949 2054 1104 2095 quatuor
1117 2050 1336 2084 cercinarum
1349 2049 1422 2083 feni
1436 2050 1481 2083 ad
1495 2049 1646 2102 verudos

341 2129 392 2175 iiij
412 2131 438 2162 ἔ.
491 2129 542 2164 Et
559 2131 731 2166 allocatur
748 2132 862 2166 eidem
886 2133 925 2166 in
945 2132 1165 2177 empcionem
1183 2135 1337 2176 quatuor
1359 2130 1543 2165 frenorum
1561 2130 1647 2165 deli-

341 2211 451 2245 berat.
471 2210 610 2245 'rhome
635 2211 756 2247 Sawer
787 2213 941 2259 Georgio
968 2213 1109 2258 Bernys
1126 2217 1162 2247 et
1190 2212 1397 2247 Alexandro
1423 2212 1558 2247 Catour
1580 2223 1646 2257 pro
