2044 2906
407 392 449 423 32
567 389 695 422 VITAE
720 389 1058 421 EPISCOPORUM
1081 386 1515 419 DUNKELDENSIUM.
1583 401 1587 406 2

400 495 440 529 in
457 498 670 529 testamento
686 493 880 533 mandavit,
898 492 965 526 sub
981 491 1217 526 anathematis
1235 501 1350 536 poena,
1368 490 1509 524 easdem
1526 494 1640 524 terras
1658 491 1703 524 de

404 575 556 610 Fordale
573 576 619 610 ad
636 585 742 609 usum
759 574 913 608 ecclesiae
929 573 1105 607 reducere.
1149 571 1295 606 Titulus
1313 575 1434 606 autem
1452 574 1577 605 contra
1599 570 1706 605 eccle-

402 657 491 690 siam
509 656 681 701 allegatus
698 658 785 694 erat,
798 654 894 699 quod
909 657 1015 688 terrae
1033 653 1128 688 dicto
1145 652 1169 687 J
1170 652 1278 687 acobo
1292 652 1537 698 Fothringaye
1554 650 1707 686 haeredi-

403 736 492 770 tarie
514 735 751 780 pertinebant,
769 735 813 768 de
835 745 1002 779 supremo
1026 734 1171 768 domino
1194 738 1316 768 nostro
1334 733 1433 780 Rege
1456 737 1567 768 tentae
1591 736 1704 767 erant.

403 817 473 852 Sed
490 828 528 851 re
551 827 636 851 vera
652 817 704 850 ita
724 827 796 850 non
813 820 900 855 erat,
918 815 1010 849 sicut
1027 825 1071 849 ex
1089 815 1241 861 registro
1257 815 1411 849 ecclesiae
1433 819 1470 849 et
1490 814 1707 849 instrumen-

404 899 451 933 tis
469 898 623 932 inventis
641 901 750 942 patet,
768 897 864 942 quod
877 896 1072 930 Duncanus
1091 897 1285 941 episcopus,
1300 896 1463 931 VValtero
1480 897 1524 931 de
1538 896 1708 931 Fothrin-

404 989 476 1025 gay
495 983 531 1012 et
555 978 659 1012 certis
676 977 876 1012 haeredibus
901 988 966 1022 pro
983 977 1222 1022 quadraginta
1245 977 1367 1011 'solidis
1391 977 1544 1017 locavit;
1570 982 1606 1011 et
1622 978 1707 1022 quia
1754 987 1756 990 ’

404 1060 646 1094 calamitatum
668 1064 837 1104 tempore,
861 1062 969 1092 cartae
987 1059 1091 1092 dictae
1116 1058 1281 1098 ecclesiae,
1298 1062 1341 1093 ut
1357 1057 1483 1099 fertur,
1500 1069 1566 1104 pro
1583 1068 1707 1093 secura

404 1152 525 1176 earum
546 1140 706 1175 custodia
728 1141 824 1185 apud
850 1140 985 1174 insulas
1010 1140 1137 1174 delatae
1156 1144 1250 1180 sunt,
1268 1150 1334 1174 nec
1349 1139 1522 1174 hactenus
1540 1140 1706 1179 reductae,

404 1223 482 1257 ideo
499 1233 678 1267 possessor
695 1226 871 1256 terrarum
889 1221 1138 1256 haereditatem
1156 1220 1235 1261 sibi,
1253 1225 1290 1255 et
1307 1220 1400 1266 Regi
1422 1220 1707 1265 superioritatem

405 1304 593 1350 allegavit3
612 1304 673 1338 sed
686 1303 875 1347 prudentia
892 1302 1003 1347 ipsius
1022 1301 1167 1348 Georgii
1187 1301 1380 1342 Pontificis,
1394 1302 1502 1348 longa
1519 1302 1595 1342 lite,
1608 1312 1709 1348 mag-

406 1386 461 1420 nis
479 1385 653 1430 expensis,
671 1388 706 1418 et
723 1383 831 1418 etiam
848 1384 986 1428 placato
1003 1393 1204 1427 possessore
1221 1383 1381 1427 pecunia,
1395 1383 1500 1417 terris
1518 1387 1554 1416 et
1571 1382 1710 1417 asseda-

406 1466 573 1506 tionibus,
599 1466 644 1499 ad
661 1465 842 1499 ecclesiam
860 1468 946 1498 sunt
962 1464 1142 1504 reductae3
1170 1474 1258 1508 quas
1274 1463 1379 1498 fratri
1403 1474 1469 1498 suo
1492 1463 1647 1498 Ricardo
1673 1468 1709 1498 et

405 1547 605 1582 haeredibus
629 1546 794 1580 masculis
811 1545 854 1578 de
872 1555 1018 1589 corpore
1041 1555 1106 1579 suo
1129 1545 1366 1589 procreandis,
1384 1555 1450 1589 pro
1467 1544 1708 1590 quadraginta

408 1628 532 1662 mercis
559 1627 744 1661 annuatim
766 1627 804 1660 in
827 1625 1025 1660 feodifirma
1050 1626 1190 1666 locavit,
1211 1630 1318 1671 prout
1343 1625 1382 1660 in
1405 1636 1572 1670 processu
1596 1629 1633 1661 et
1655 1626 1710 1660 in-

409 1708 616 1744 strmnentis
639 1707 792 1742 ecclesiae
809 1706 947 1751 plenius
964 1706 1125 1741 habetur.

461 1872 632 1912 Secundo,
649 1871 745 1912 Quia
767 1872 811 1905 ad
834 1882 940 1905 usum
958 1881 1064 1905 suum
1082 1876 1118 1905 et
1141 1871 1295 1905 ecclesiae
1312 1875 1425 1905 terras
1442 1871 1485 1905 de
1503 1870 1713 1916 kakersy

413 1954 556 1998 accepit,
573 1953 738 1987 dominus
755 1951 779 1986 J
780 1952 909 1987 acobus
927 1951 1145 1986 Creichtoun
1162 1952 1205 1985 de
1225 1951 1415 1987 Strathord
1430 1952 1532 1987 miles
1550 1953 1713 1988 detentor

414 2035 615 2074 earundem,
638 2034 751 2068 eidem
768 2033 926 2079 pontifici
947 2034 1101 2068 multum
1123 2033 1269 2068 nocivus
1293 2038 1380 2074 erat,
1401 2038 1437 2068 et
1453 2033 1710 2074 insidiabatur;

415 2115 502 2148 adeo
518 2119 560 2149 ut
582 2115 732 2149 eundem
749 2114 949 2160 pontificem
967 2124 1048 2148 cum
1067 2115 1257 2159 plusquam
1274 2115 1512 2162 quadraginta
1534 2113 1713 2160 equitibus

415 2194 660 2235 familiaribus,
677 2195 723 2230 ad
744 2195 880 2230 curiam
899 2195 1035 2241 regiam
1052 2206 1161 2240 prope
1180 2200 1324 2241 pontem
1344 2196 1388 2230 de
1405 2194 1504 2230 Erue
1523 2206 1716 2240 properan-
