2044 2906
1000 748 1037 787 I.

654 917 932 960 DECANUS
962 915 1380 965 ANGUSIARUM,

884 1056 946 1096 M.
962 1056 1014 1095 D.
1031 1055 1162 1095 XIII.

370 1218 671 1266 COMPOTUM
690 1226 856 1274 Magistri
874 1226 1073 1260 Alexandri
1092 1226 1216 1271 Mylne
1235 1224 1407 1260 Canoniei
1425 1225 1676 1261 Dounkelden-

370 1309 415 1346 fis
446 1323 486 1346 ac
516 1310 651 1345 Decani
687 1308 939 1344 Cristianitatis
978 1307 1131 1355 ejusdem
1164 1309 1202 1343 in
1232 1309 1396 1354 partibus
1430 1307 1673 1355 Angufiarum

369 1395 548 1429 redditum
573 1393 668 1438 apud
695 1392 931 1427 Dounkelden
957 1392 1093 1426 decimo
1114 1390 1263 1436 septimo
1290 1392 1346 1425 die
1370 1389 1496 1426 menfis
1521 1391 1677 1426 Novem-

373 1477 447 1510 bris
481 1487 574 1509 anno
604 1475 739 1509 domini
772 1472 957 1509 missefimo
991 1471 1272 1520 quingentefimo
1306 1474 1442 1508 decimo
1476 1474 1585 1508 tercio
1619 1474 1675 1509 De

371 1558 535 1592 omnibus
552 1556 623 1591 suis
642 1557 806 1601 Receptis
824 1561 860 1591 et
877 1554 1051 1601 Expenfis
1069 1556 1114 1590 ab
1131 1557 1259 1591 ultimo
1277 1560 1440 1600 compoto
1458 1554 1519 1590 suo
1537 1556 1675 1590 reddito

372 1641 468 1685 apud
486 1640 602 1684 Clony
618 1640 747 1674 ultimo
764 1639 820 1673 die
845 1636 972 1673 menfis
990 1638 1195 1673 Decembris
1226 1649 1319 1673 anno
1345 1642 1405 1672 *ke*
1424 1640 1461 1672 vc
1487 1638 1674 1672 undecimo

371 1721 608 1756 Auditoribus
627 1720 810 1768 Magistris
827 1720 851 1755 J
852 1721 959 1756 acobo
977 1720 1137 1755 Fentone
1162 1725 1366 1765 precentore
1385 1719 1539 1766 Georgio
1558 1719 1674 1754 Ferne

372 1803 633 1838 Archidiacono
659 1803 823 1838 Johanne
848 1803 970 1838 Lacok
995 1803 1190 1849 graniterio
1213 1802 1368 1837 Domino
1395 1801 1537 1836 Thoma
1564 1801 1675 1848 Greig

372 1885 604 1931 prebendario
621 1886 664 1919 de
677 1884 810 1930 Alytht
823 1889 858 1920 et
870 1896 927 1920 me
940 1884 1082 1920 Thoma
1095 1884 1240 1919 Broune
1253 1883 1421 1930 scriptore
1434 1883 1652 1930 presencium

423 2050 534 2083 ITEM
552 2050 650 2084 Idem
669 2054 875 2096 computans
893 2055 1018 2085 onerat
1034 2049 1069 2085 se
1086 2050 1130 2085 de
1147 2061 1172 2085 x
1189 2051 1225 2085 li.
1244 2050 1307 2085 xix
1325 2051 1350 2083 ἔ.
1369 2049 1411 2084 de
1429 2047 1538 2084 Resta
1554 2049 1672 2083 ultimi

373 2132 526 2176 compoti
544 2131 595 2166 sui
613 2133 742 2168 redditi
759 2137 801 2167 ut
817 2132 924 2178 supra

824 2215 971 2250 Summa
988 2213 1094 2251 Reste
1110 2219 1208 2260 patet
