2044 2906
556 406 683 437 VITAE
708 406 1045 438 EPISCOPORUM
1070 406 1508 438 DUNKELDENSIUM.
1642 407 1683 438 75

374 516 555 551 obsessum
568 518 712 551 reddere
730 519 942 558 noluerunt3
961 519 1023 552 sed
1036 519 1172 552 meritis
1190 517 1310 552 Sancti
1323 517 1524 558 Columbae,
1544 517 1678 562 absque

374 599 524 645 alicujus
554 603 668 633 morte
697 604 760 633 aut
790 600 1026 634 mutulatione
1053 599 1242 634 obtentum
1274 604 1337 633 est.
1394 599 1501 639 Quod
1530 600 1677 633 audiens

374 692 489 715 comes
507 692 588 715 cum
604 680 726 720 fratre,
743 682 879 715 curiam
899 681 1038 727 regiam
1062 682 1253 726 petierunt,
1277 682 1473 726 quaerelam
1493 682 1677 726 deponere.

376 762 575 807 Episcopus
609 773 653 796 ex
684 763 834 796 adverso
866 773 903 796 se
929 762 1118 796 defendere
1153 763 1365 807 comparuit,
1400 768 1436 797 et
1471 764 1679 808 aliquandiu

373 844 552 878 hincinde
565 855 683 879 coram
694 844 839 878 domino
855 844 1094 890 gubernatore
1112 848 1287 878 certatum
1301 848 1367 878 est.
1385 843 1525 878 Tamen
1542 845 1680 888 sapien-

375 926 426 960 tia
449 926 672 971 quorundam
699 926 925 960 dominorum
952 925 1100 966 consilii,
1126 926 1165 960 in
1190 926 1283 960 hanc
1300 925 1497 960 deventum
1523 929 1577 959 est
1598 936 1680 959 con-

372 1008 538 1047 cordiam,
557 1007 626 1041 viz.
643 1012 685 1041 ut
702 1008 903 1052 postulatus
927 1012 1085 1052 receptos
1102 1007 1241 1042 fructus
1258 1007 1370 1042 libere
1389 1007 1547 1048 haberet,
1570 1012 1605 1042 et
1626 1019 1681 1041 ec-

375 1090 496 1122 clesias
517 1089 561 1122 de
579 1087 702 1123 Aljcht
725 1093 761 1122 et
783 1088 919 1134 Cargill
937 1089 975 1123 in
997 1090 1214 1133 pensionem,
1238 1089 1356 1124 dando
1379 1090 1542 1134 episcopo
1565 1094 1678 1124 certas

372 1171 581 1204 victualium
602 1170 746 1204 celdras.
789 1169 894 1204 Tunc
917 1171 1072 1205 ecclesiae
1093 1175 1128 1205 et
1145 1171 1387 1205 ecclesiasticis
1412 1175 1448 1205 et
1465 1171 1532 1205 toti
1549 1171 1677 1215 patriae

372 1262 442 1296 pax
468 1256 589 1285 secuta
611 1255 686 1285 est:
721 1250 826 1285 Unde
852 1252 946 1285 idem
970 1252 1155 1297 episcopus
1178 1253 1222 1286 ad
1246 1253 1340 1287 bona
1365 1264 1483 1297 opera,
1501 1253 1583 1286 licet
1606 1264 1678 1286 aere

373 1337 538 1367 oneratus
561 1333 687 1373 alieno,
705 1344 742 1367 se
760 1333 857 1367 dedit
873 1343 883 1374 3
902 1338 937 1367 et
955 1345 1043 1378 opus
1061 1334 1192 1378 pontis,
1206 1345 1227 1368 a
1240 1335 1496 1379 praedecessore
1510 1339 1677 1379 coeptum,

371 1426 456 1449 arcu
473 1426 546 1449 uno
569 1415 754 1459 completo,
779 1419 814 1449 et
838 1426 901 1459 per
924 1415 1001 1461 ejus
1026 1422 1229 1450 executores
1253 1416 1391 1450 duobus
1415 1417 1493 1450 aliis
1514 1416 1676 1455 arcubus,

371 1497 445 1540 pila
457 1496 608 1530 fundata
625 1496 791 1540 operatis,
801 1496 951 1530 ulterius
969 1497 1176 1531 continuare
1193 1508 1266 1531 non
1280 1498 1405 1538 desiit3
1424 1509 1547 1542 ymmo
1560 1509 1677 1542 recep-

376 1578 422 1611 tis
447 1577 492 1611 ab
509 1576 756 1611 executoribus
774 1577 935 1610 ducentis
954 1577 1084 1623 viginti
1102 1577 1213 1617 libris,
1231 1578 1424 1612 honorifice
1441 1579 1675 1618 continuavit,

372 1660 458 1693 adeo
481 1663 523 1692 ut
548 1659 586 1692 in
603 1658 704 1692 brevi
729 1659 867 1692 aditum
886 1663 959 1692 tam
983 1659 1182 1705 agrestibus
1208 1671 1316 1704 quam
1338 1660 1560 1705 pedestribus
1581 1660 1674 1694 fecit.

370 1741 523 1785 Reliqua
539 1740 633 1775 bona
653 1741 730 1787 ejus
748 1752 865 1786 opera,
883 1741 921 1774 in
939 1741 1184 1786 spiritualibus
1203 1747 1238 1775 et
1260 1742 1525 1786 temporalibus,
1544 1743 1617 1776 suis
1639 1747 1674 1776 et

370 1822 523 1856 ecclesiae
541 1822 730 1862 canonicis,
747 1823 802 1856 uti
821 1822 1018 1868 majoribus
1038 1823 1188 1857 scribere
1207 1824 1381 1868 relinquo.
