<?xml version="1.0" encoding="UTF-8"?>
<!DOCTYPE html PUBLIC "-//W3C//DTD XHTML 1.0 Transitional//EN"
    "http://www.w3.org/TR/xhtml1/DTD/xhtml1-transitional.dtd">
<html xmlns="http://www.w3.org/1999/xhtml" xml:lang="en" lang="en">
 <head>
  <title>
</title>
<meta http-equiv="Content-Type" content="text/html;charset=utf-8" />
  <meta name='ocr-system' content='tesseract 3.04.00' />
  <meta name='ocr-capabilities' content='ocr_page ocr_carea ocr_par ocr_line ocrx_word'/>
</head>
<body>
  <div class='ocr_page' id='page_1' title='image "./vitaedvnkeldens102mylnuoft_0043.png"; bbox 0 0 1964 2894; ppageno 0'>
   <div class='ocr_carea' id='block_1_1' title="bbox 525 404 1626 437">
    <p class='ocr_par' dir='ltr' id='par_1_1' title="bbox 525 404 1626 437">
     <span class='ocr_line' id='line_1_1' title="bbox 525 404 1626 437; baseline -0.003 0"><span class='ocrx_word' id='word_1_1' title='bbox 525 406 652 436; x_wconf 84' lang='lat' dir='ltr'><strong>VITAE</strong></span> <span class='ocrx_word' id='word_1_2' title='bbox 677 405 1016 437; x_wconf 88' lang='lat' dir='ltr'>EPISCOPORUM</span> <span class='ocrx_word' id='word_1_3' title='bbox 1038 404 1470 437; x_wconf 88' lang='lat' dir='ltr'>DUNKELDENSIUM.</span> <span class='ocrx_word' id='word_1_4' title='bbox 1587 404 1626 434; x_wconf 72' lang='lat'>21</span> 
     </span>
    </p>
   </div>
   <div class='ocr_carea' id='block_1_2' title="bbox 327 508 1863 800">
    <p class='ocr_par' dir='ltr' id='par_1_2' title="bbox 327 508 1863 800">
     <span class='ocr_line' id='line_1_2' title="bbox 328 508 1631 553; baseline -0.001 -10"><span class='ocrx_word' id='word_1_5' title='bbox 328 510 575 550; x_wconf 87' lang='lat' dir='ltr'>tinuationem,</span> <span class='ocrx_word' id='word_1_6' title='bbox 593 515 634 544; x_wconf 92' lang='lat' dir='ltr'>ut</span> <span class='ocrx_word' id='word_1_7' title='bbox 660 521 740 544; x_wconf 92' lang='lat' dir='ltr'>cum</span> <span class='ocrx_word' id='word_1_8' title='bbox 763 521 836 544; x_wconf 94' lang='lat' dir='ltr'>uno</span> <span class='ocrx_word' id='word_1_9' title='bbox 858 510 914 543; x_wconf 87' lang='lat' dir='ltr'>vel</span> <span class='ocrx_word' id='word_1_10' title='bbox 940 509 1010 543; x_wconf 88' lang='lat' dir='ltr'>alio</span> <span class='ocrx_word' id='word_1_11' title='bbox 1032 520 1218 553; x_wconf 89' lang='lat' dir='ltr'>procerum</span> <span class='ocrx_word' id='word_1_12' title='bbox 1239 519 1358 542; x_wconf 90' lang='lat' dir='ltr'>secum</span> <span class='ocrx_word' id='word_1_13' title='bbox 1380 508 1631 547; x_wconf 82' lang='lat' dir='ltr'><strong>habitantium,</strong></span> 
     </span>
     <span class='ocr_line' id='line_1_3' title="bbox 327 589 1621 636; baseline -0.002 -10"><span class='ocrx_word' id='word_1_14' title='bbox 327 592 460 626; x_wconf 84' lang='lat' dir='ltr'>solebat</span> <span class='ocrx_word' id='word_1_15' title='bbox 478 596 573 626; x_wconf 87' lang='lat' dir='ltr'>certa</span> <span class='ocrx_word' id='word_1_16' title='bbox 589 592 749 636; x_wconf 91' lang='lat' dir='ltr'>lapidum</span> <span class='ocrx_word' id='word_1_17' title='bbox 762 602 870 625; x_wconf 87' lang='lat' dir='ltr'>onera</span> <span class='ocrx_word' id='word_1_18' title='bbox 887 595 988 625; x_wconf 86' lang='lat' dir='ltr'>extra</span> <span class='ocrx_word' id='word_1_19' title='bbox 1004 590 1210 635; x_wconf 86' lang='lat' dir='ltr'>lapicidium</span> <span class='ocrx_word' id='word_1_20' title='bbox 1223 590 1315 624; x_wconf 88' lang='lat' dir='ltr'>ferre</span> <span class='ocrx_word' id='word_1_21' title='bbox 1329 590 1497 634; x_wconf 88' lang='lat' dir='ltr'>quotidie.</span> <span class='ocrx_word' id='word_1_22' title='bbox 1525 589 1621 623; x_wconf 87' lang='lat' dir='ltr'>Tan-</span> 
     </span>
     <span class='ocr_line' id='line_1_4' title="bbox 327 671 1863 717; baseline -0.003 -11"><span class='ocrx_word' id='word_1_23' title='bbox 327 674 407 706; x_wconf 88' lang='lat' dir='ltr'>dem</span> <span class='ocrx_word' id='word_1_24' title='bbox 431 674 523 707; x_wconf 89' lang='lat' dir='ltr'>circa</span> <span class='ocrx_word' id='word_1_25' title='bbox 546 684 681 706; x_wconf 90' lang='lat' dir='ltr'>annum</span> <span class='ocrx_word' id='word_1_26' title='bbox 703 672 839 706; x_wconf 93' lang='lat' dir='ltr'>domini</span> <span class='ocrx_word' id='word_1_27' title='bbox 862 672 1091 706; x_wconf 86' lang='lat' dir='ltr'>millesimum</span> <span class='ocrx_word' id='word_1_28' title='bbox 1111 671 1504 717; x_wconf 87' lang='lat' dir='ltr'>quadringentesimum</span> <span class='ocrx_word' id='word_1_29' title='bbox 1522 671 1625 716; x_wconf 87' lang='lat' dir='ltr'>quin·</span> <span class='ocrx_word' id='word_1_30' title='bbox 1651 674 1692 704; x_wconf 88' lang='lat' dir='ltr'>A.</span> <span class='ocrx_word' id='word_1_31' title='bbox 1711 674 1751 703; x_wconf 92' lang='lat' dir='ltr'>D.</span> <span class='ocrx_word' id='word_1_32' title='bbox 1770 674 1863 704; x_wconf 83' lang='lat'>1450.</span> 
     </span>
     <span class='ocr_line' id='line_1_5' title="bbox 328 752 1633 800; baseline -0.002 -12"><span class='ocrx_word' id='word_1_33' title='bbox 328 755 575 800; x_wconf 88' lang='lat' dir='ltr'>quagesimum</span> <span class='ocrx_word' id='word_1_34' title='bbox 593 757 839 799; x_wconf 36' lang='lat' dir='ltr'>mortuus‘est,</span> <span class='ocrx_word' id='word_1_35' title='bbox 853 756 889 786; x_wconf 89' lang='lat' dir='ltr'>et</span> <span class='ocrx_word' id='word_1_36' title='bbox 906 763 950 786; x_wconf 92' lang='lat' dir='ltr'>ex</span> <span class='ocrx_word' id='word_1_37' title='bbox 967 756 1068 796; x_wconf 90' lang='lat' dir='ltr'>parte</span> <span class='ocrx_word' id='word_1_38' title='bbox 1085 752 1279 796; x_wconf 86' lang='lat' dir='ltr'>aquilonali</span> <span class='ocrx_word' id='word_1_39' title='bbox 1292 753 1438 798; x_wconf 85' lang='lat' dir='ltr'>majoris</span> <span class='ocrx_word' id='word_1_40' title='bbox 1456 753 1577 787; x_wconf 84' lang='lat' dir='ltr'>altaris</span> <span class='ocrx_word' id='word_1_41' title='bbox 1596 753 1633 786; x_wconf 91' lang='lat' dir='ltr'>in</span> 
     </span>
    </p>
   </div>
   <div class='ocr_carea' id='block_1_3' title="bbox 327 833 1482 879">
    <p class='ocr_par' dir='ltr' id='par_1_3' title="bbox 327 833 1482 879">
     <span class='ocr_line' id='line_1_6' title="bbox 327 833 1482 879; baseline -0.003 -10"><span class='ocrx_word' id='word_1_42' title='bbox 327 836 432 869; x_wconf 87' lang='lat' dir='ltr'>choro</span> <span class='ocrx_word' id='word_1_43' title='bbox 450 835 628 879; x_wconf 85' lang='lat' dir='ltr'>sepelitur.</span> <span class='ocrx_word' id='word_1_44' title='bbox 684 833 752 868; x_wconf 92' lang='lat' dir='ltr'>Cui</span> <span class='ocrx_word' id='word_1_45' title='bbox 770 845 833 878; x_wconf 88' lang='lat' dir='ltr'>per</span> <span class='ocrx_word' id='word_1_46' title='bbox 851 833 1144 878; x_wconf 87' lang='lat' dir='ltr'>supplicationem</span> <span class='ocrx_word' id='word_1_47' title='bbox 1162 833 1298 878; x_wconf 85' lang='lat' dir='ltr'>regiam</span> <span class='ocrx_word' id='word_1_48' title='bbox 1315 833 1482 867; x_wconf 89' lang='lat' dir='ltr'>successit</span> 
     </span>
    </p>
   </div>
   <div class='ocr_carea' id='block_1_4' title="bbox 325 1079 1686 2180">
    <p class='ocr_par' dir='ltr' id='par_1_4' title="bbox 325 1079 1686 2180">
     <span class='ocr_line' id='line_1_7' title="bbox 379 1079 1634 1125; baseline -0.002 -11"><span class='ocrx_word' id='word_1_49' title='bbox 379 1079 646 1114; x_wconf 88' lang='lat' dir='ltr'>MAGISTER</span> <span class='ocrx_word' id='word_1_50' title='bbox 676 1079 892 1114; x_wconf 90' lang='lat' dir='ltr'>THOMAS</span> <span class='ocrx_word' id='word_1_51' title='bbox 922 1079 1086 1120; x_wconf 89' lang='lat' dir='ltr'>Lawder,</span> <span class='ocrx_word' id='word_1_52' title='bbox 1113 1079 1288 1125; x_wconf 86' lang='lat' dir='ltr'>Magister</span> <span class='ocrx_word' id='word_1_53' title='bbox 1317 1081 1360 1114; x_wconf 88' lang='lat' dir='ltr'>de</span> <span class='ocrx_word' id='word_1_54' title='bbox 1390 1079 1564 1124; x_wconf 88' lang='lat' dir='ltr'>Sowtray,</span> <span class='ocrx_word' id='word_1_55' title='bbox 1595 1090 1634 1112; x_wconf 87' lang='lat' dir='ltr'>ac</span> 
     </span>
     <span class='ocr_line' id='line_1_8' title="bbox 325 1152 1635 1207; baseline 0.001 -13"><span class='ocrx_word' id='word_1_56' title='bbox 325 1165 522 1205; x_wconf 89' lang='lat' dir='ltr'>praeceptor</span> <span class='ocrx_word' id='word_1_57' title='bbox 537 1161 632 1206; x_wconf 89' lang='lat' dir='ltr'>regis</span> <span class='ocrx_word' id='word_1_58' title='bbox 649 1160 673 1194; x_wconf 86' lang='lat' dir='ltr'>J</span> <span class='ocrx_word' id='word_1_59' title='bbox 674 1160 773 1194; x_wconf 88' lang='lat' dir='ltr'>acobi</span> <span class='ocrx_word' id='word_1_60' title='bbox 791 1161 947 1201; x_wconf 87' lang='lat' dir='ltr'>secundi,</span> <span class='ocrx_word' id='word_1_61' title='bbox 962 1162 1019 1195; x_wconf 90' lang='lat' dir='ltr'>vir</span> <span class='ocrx_word' id='word_1_62' title='bbox 1035 1162 1250 1207; x_wconf 75' lang='lat' dir='ltr'>grandaevus</span> <span class='ocrx_word' id='word_1_63' title='bbox 1268 1166 1304 1195; x_wconf 92' lang='lat' dir='ltr'>et</span> <span class='ocrx_word' id='word_1_64' title='bbox 1321 1152 1582 1207; x_wconf 82' lang='lat' dir='ltr'>sexagenarius,</span> <span class='ocrx_word' id='word_1_65' title='bbox 1600 1166 1635 1195; x_wconf 91' lang='lat' dir='ltr'>et</span> 
     </span>
     <span class='ocr_line' id='line_1_9' title="bbox 325 1242 1637 1287; baseline 0 -11"><span class='ocrx_word' id='word_1_66' title='bbox 325 1242 412 1276; x_wconf 86' lang='lat' dir='ltr'>adeo</span> <span class='ocrx_word' id='word_1_67' title='bbox 434 1253 497 1286; x_wconf 90' lang='lat' dir='ltr'>per</span> <span class='ocrx_word' id='word_1_68' title='bbox 519 1242 714 1287; x_wconf 87' lang='lat' dir='ltr'>capitulum</span> <span class='ocrx_word' id='word_1_69' title='bbox 740 1242 857 1286; x_wconf 91' lang='lat' dir='ltr'>primo</span> <span class='ocrx_word' id='word_1_70' title='bbox 879 1246 1073 1283; x_wconf 87' lang='lat' dir='ltr'>recusatus,</span> <span class='ocrx_word' id='word_1_71' title='bbox 1091 1243 1235 1276; x_wconf 89' lang='lat' dir='ltr'>tandem</span> <span class='ocrx_word' id='word_1_72' title='bbox 1252 1243 1291 1276; x_wconf 93' lang='lat' dir='ltr'>in</span> <span class='ocrx_word' id='word_1_73' title='bbox 1314 1243 1517 1287; x_wconf 90' lang='lat' dir='ltr'>episcopum</span> <span class='ocrx_word' id='word_1_74' title='bbox 1536 1242 1637 1276; x_wconf 91' lang='lat' dir='ltr'>Dun-</span> 
     </span>
     <span class='ocr_line' id='line_1_10' title="bbox 325 1322 1636 1358; baseline 0.001 -2"><span class='ocrx_word' id='word_1_75' title='bbox 325 1323 528 1357; x_wconf 87' lang='lat' dir='ltr'>keldensem</span> <span class='ocrx_word' id='word_1_76' title='bbox 545 1322 696 1357; x_wconf 87' lang='lat' dir='ltr'>feliciter</span> <span class='ocrx_word' id='word_1_77' title='bbox 713 1327 936 1357; x_wconf 88' lang='lat' dir='ltr'>consecratus</span> <span class='ocrx_word' id='word_1_78' title='bbox 955 1328 1018 1358; x_wconf 83' lang='lat' dir='ltr'>est.</span> <span class='ocrx_word' id='word_1_79' title='bbox 1062 1323 1231 1357; x_wconf 85' lang='lat' dir='ltr'>Pontifex</span> <span class='ocrx_word' id='word_1_80' title='bbox 1249 1324 1315 1357; x_wconf 89' lang='lat' dir='ltr'>iste</span> <span class='ocrx_word' id='word_1_81' title='bbox 1329 1323 1540 1357; x_wconf 90' lang='lat' dir='ltr'>venerabilis</span> <span class='ocrx_word' id='word_1_82' title='bbox 1558 1324 1636 1357; x_wconf 88' lang='lat' dir='ltr'>lite-</span> 
     </span>
     <span class='ocr_line' id='line_1_11' title="bbox 327 1404 1637 1449; baseline 0 -11"><span class='ocrx_word' id='word_1_83' title='bbox 327 1414 384 1438; x_wconf 88' lang='lat' dir='ltr'>ras</span> <span class='ocrx_word' id='word_1_84' title='bbox 403 1404 542 1438; x_wconf 89' lang='lat' dir='ltr'>divinas</span> <span class='ocrx_word' id='word_1_85' title='bbox 561 1405 696 1444; x_wconf 89' lang='lat' dir='ltr'>doctus,</span> <span class='ocrx_word' id='word_1_86' title='bbox 714 1404 818 1438; x_wconf 91' lang='lat' dir='ltr'>fidem</span> <span class='ocrx_word' id='word_1_87' title='bbox 845 1405 919 1439; x_wconf 89' lang='lat' dir='ltr'>suis</span> <span class='ocrx_word' id='word_1_88' title='bbox 937 1404 1192 1449; x_wconf 86' lang='lat' dir='ltr'>parochinariis</span> <span class='ocrx_word' id='word_1_89' title='bbox 1210 1415 1273 1449; x_wconf 92' lang='lat' dir='ltr'>per</span> <span class='ocrx_word' id='word_1_90' title='bbox 1290 1416 1327 1438; x_wconf 90' lang='lat' dir='ltr'>se</span> <span class='ocrx_word' id='word_1_91' title='bbox 1344 1405 1574 1449; x_wconf 83' lang='lat' dir='ltr'>praedicavit;</span> <span class='ocrx_word' id='word_1_92' title='bbox 1602 1410 1637 1438; x_wconf 92' lang='lat' dir='ltr'>et</span> 
     </span>
     <span class='ocr_line' id='line_1_12' title="bbox 325 1485 1637 1530; baseline 0 -11"><span class='ocrx_word' id='word_1_93' title='bbox 325 1496 413 1529; x_wconf 90' lang='lat' dir='ltr'>quos</span> <span class='ocrx_word' id='word_1_94' title='bbox 431 1485 671 1520; x_wconf 89' lang='lat' dir='ltr'>inobedientes</span> <span class='ocrx_word' id='word_1_95' title='bbox 690 1486 767 1519; x_wconf 91' lang='lat' dir='ltr'>Deo</span> <span class='ocrx_word' id='word_1_96' title='bbox 784 1490 820 1519; x_wconf 92' lang='lat' dir='ltr'>et</span> <span class='ocrx_word' id='word_1_97' title='bbox 837 1486 990 1530; x_wconf 89' lang='lat' dir='ltr'>principi</span> <span class='ocrx_word' id='word_1_98' title='bbox 1008 1487 1151 1530; x_wconf 91' lang='lat' dir='ltr'>reperit,</span> <span class='ocrx_word' id='word_1_99' title='bbox 1171 1486 1313 1530; x_wconf 91' lang='lat' dir='ltr'>primus</span> <span class='ocrx_word' id='word_1_100' title='bbox 1331 1485 1491 1520; x_wconf 89' lang='lat' dir='ltr'>moribus</span> <span class='ocrx_word' id='word_1_101' title='bbox 1508 1491 1543 1520; x_wconf 91' lang='lat' dir='ltr'>et</span> <span class='ocrx_word' id='word_1_102' title='bbox 1562 1486 1637 1519; x_wconf 87' lang='lat' dir='ltr'>vita</span> 
     </span>
     <span class='ocr_line' id='line_1_13' title="bbox 325 1565 1635 1610; baseline 0.002 -12"><span class='ocrx_word' id='word_1_103' title='bbox 325 1566 548 1609; x_wconf 80' lang='lat' dir='ltr'>perdomuit3</span> <span class='ocrx_word' id='word_1_104' title='bbox 573 1577 612 1598; x_wconf 87' lang='lat' dir='ltr'>ac</span> <span class='ocrx_word' id='word_1_105' title='bbox 636 1566 698 1599; x_wconf 92' lang='lat' dir='ltr'>ubi</span> <span class='ocrx_word' id='word_1_106' title='bbox 721 1566 871 1610; x_wconf 86' lang='lat' dir='ltr'>agrestis</span> <span class='ocrx_word' id='word_1_107' title='bbox 889 1566 948 1598; x_wconf 92' lang='lat' dir='ltr'>ille</span> <span class='ocrx_word' id='word_1_108' title='bbox 966 1567 1118 1609; x_wconf 90' lang='lat' dir='ltr'>populus</span> <span class='ocrx_word' id='word_1_109' title='bbox 1135 1565 1243 1599; x_wconf 85' lang='lat' dir='ltr'>feroci</span> <span class='ocrx_word' id='word_1_110' title='bbox 1267 1567 1387 1600; x_wconf 86' lang='lat' dir='ltr'>animo</span> <span class='ocrx_word' id='word_1_111' title='bbox 1404 1567 1558 1610; x_wconf 86' lang='lat' dir='ltr'>patriam</span> <span class='ocrx_word' id='word_1_112' title='bbox 1576 1568 1635 1600; x_wconf 91' lang='lat' dir='ltr'>de-</span> 
     </span>
     <span class='ocr_line' id='line_1_14' title="bbox 327 1645 1686 1691; baseline 0.002 -13"><span class='ocrx_word' id='word_1_113' title='bbox 327 1645 531 1690; x_wconf 87' lang='lat' dir='ltr'>populabat,</span> <span class='ocrx_word' id='word_1_114' title='bbox 549 1656 681 1691; x_wconf 85' lang='lat' dir='ltr'>magna</span> <span class='ocrx_word' id='word_1_115' title='bbox 698 1645 865 1679; x_wconf 85' lang='lat' dir='ltr'>suffultus</span> <span class='ocrx_word' id='word_1_116' title='bbox 883 1645 1030 1685; x_wconf 87' lang='lat' dir='ltr'>familia,</span> <span class='ocrx_word' id='word_1_117' title='bbox 1048 1650 1083 1679; x_wconf 90' lang='lat' dir='ltr'>et</span> <span class='ocrx_word' id='word_1_118' title='bbox 1099 1646 1222 1680; x_wconf 88' lang='lat' dir='ltr'>habita</span> <span class='ocrx_word' id='word_1_119' title='bbox 1239 1646 1369 1680; x_wconf 89' lang='lat' dir='ltr'>ballivo</span> <span class='ocrx_word' id='word_1_120' title='bbox 1386 1658 1451 1681; x_wconf 87' lang='lat' dir='ltr'>suo</span> <span class='ocrx_word' id='word_1_121' title='bbox 1468 1648 1629 1681; x_wconf 89' lang='lat' dir='ltr'>commis·</span> <span class='ocrx_word' id='word_1_122' title='bbox 1682 1688 1686 1691; x_wconf 21' lang='lat'><strong><em>⁵</em></strong></span> 
     </span>
     <span class='ocr_line' id='line_1_15' title="bbox 326 1725 1630 1772; baseline 0.002 -13"><span class='ocrx_word' id='word_1_123' title='bbox 326 1727 424 1759; x_wconf 91' lang='lat' dir='ltr'>sione</span> <span class='ocrx_word' id='word_1_124' title='bbox 442 1727 552 1772; x_wconf 86' lang='lat' dir='ltr'>regia,</span> <span class='ocrx_word' id='word_1_125' title='bbox 570 1726 722 1770; x_wconf 82' lang='lat' dir='ltr'>patibuli</span> <span class='ocrx_word' id='word_1_126' title='bbox 739 1737 845 1770; x_wconf 86' lang='lat' dir='ltr'>poena</span> <span class='ocrx_word' id='word_1_127' title='bbox 866 1726 1047 1760; x_wconf 87' lang='lat' dir='ltr'>coercebat</span> <span class='ocrx_word' id='word_1_128' title='bbox 1062 1735 1070 1759; x_wconf 73' lang='grc' dir='ltr'><strong><em>ε</em></strong></span> <span class='ocrx_word' id='word_1_129' title='bbox 1105 1725 1213 1760; x_wconf 90' lang='lat' dir='ltr'>Illum</span> <span class='ocrx_word' id='word_1_130' title='bbox 1231 1728 1408 1772; x_wconf 89' lang='lat' dir='ltr'>praecipue</span> <span class='ocrx_word' id='word_1_131' title='bbox 1426 1728 1630 1772; x_wconf 86' lang='lat' dir='ltr'>praedonem</span> 
     </span>
     <span class='ocr_line' id='line_1_16' title="bbox 325 1806 1632 1856; baseline 0.004 -16"><span class='ocrx_word' id='word_1_132' title='bbox 325 1806 490 1847; x_wconf 86' lang='lat' dir='ltr'>Makbre,</span> <span class='ocrx_word' id='word_1_133' title='bbox 508 1818 589 1841; x_wconf 91' lang='lat' dir='ltr'>cum</span> <span class='ocrx_word' id='word_1_134' title='bbox 603 1807 684 1841; x_wconf 89' lang='lat' dir='ltr'>filiis</span> <span class='ocrx_word' id='word_1_135' title='bbox 702 1811 738 1841; x_wconf 90' lang='lat' dir='ltr'>et</span> <span class='ocrx_word' id='word_1_136' title='bbox 755 1807 982 1852; x_wconf 89' lang='lat' dir='ltr'>complicibus</span> <span class='ocrx_word' id='word_1_137' title='bbox 1000 1808 1085 1848; x_wconf 87' lang='lat' dir='ltr'>suis,</span> <span class='ocrx_word' id='word_1_138' title='bbox 1102 1819 1167 1842; x_wconf 86' lang='lat' dir='ltr'>sua</span> <span class='ocrx_word' id='word_1_139' title='bbox 1184 1809 1375 1855; x_wconf 87' lang='lat' dir='ltr'>sagacitate</span> <span class='ocrx_word' id='word_1_140' title='bbox 1392 1811 1557 1854; x_wconf 87' lang='lat' dir='ltr'>perdidit,</span> <span class='ocrx_word' id='word_1_141' title='bbox 1570 1812 1632 1856; x_wconf 92' lang='lat' dir='ltr'>qui</span> 
     </span>
     <span class='ocr_line' id='line_1_17' title="bbox 325 1888 1632 1925; baseline 0.002 -3"><span class='ocrx_word' id='word_1_142' title='bbox 325 1893 410 1922; x_wconf 90' lang='lat' dir='ltr'>tunc</span> <span class='ocrx_word' id='word_1_143' title='bbox 427 1888 521 1922; x_wconf 91' lang='lat' dir='ltr'>inter</span> <span class='ocrx_word' id='word_1_144' title='bbox 546 1899 667 1922; x_wconf 92' lang='lat' dir='ltr'>omnes</span> <span class='ocrx_word' id='word_1_145' title='bbox 685 1888 943 1923; x_wconf 89' lang='lat' dir='ltr'>famosissimus</span> <span class='ocrx_word' id='word_1_146' title='bbox 961 1889 1167 1924; x_wconf 86' lang='lat' dir='ltr'>habebatur.</span> <span class='ocrx_word' id='word_1_147' title='bbox 1210 1890 1338 1924; x_wconf 91' lang='lat' dir='ltr'>Postea</span> <span class='ocrx_word' id='word_1_148' title='bbox 1355 1901 1439 1925; x_wconf 88' lang='lat' dir='ltr'>vero</span> <span class='ocrx_word' id='word_1_149' title='bbox 1457 1902 1569 1925; x_wconf 91' lang='lat' dir='ltr'>unum</span> <span class='ocrx_word' id='word_1_150' title='bbox 1587 1892 1632 1925; x_wconf 93' lang='lat' dir='ltr'>lie</span> 
     </span>
     <span class='ocr_line' id='line_1_18' title="bbox 327 1969 1633 2017; baseline 0.004 -15"><span class='ocrx_word' id='word_1_151' title='bbox 327 1969 474 2009; x_wconf 86' lang='lat' dir='ltr'>sorneir,</span> <span class='ocrx_word' id='word_1_152' title='bbox 488 1969 555 2003; x_wconf 91' lang='lat' dir='ltr'>hoc</span> <span class='ocrx_word' id='word_1_153' title='bbox 573 1974 637 2009; x_wconf 87' lang='lat' dir='ltr'>est,</span> <span class='ocrx_word' id='word_1_154' title='bbox 652 1975 843 2016; x_wconf 85' lang='lat' dir='ltr'>vagantem</span> <span class='ocrx_word' id='word_1_155' title='bbox 856 1982 919 2015; x_wconf 92' lang='lat' dir='ltr'>per</span> <span class='ocrx_word' id='word_1_156' title='bbox 933 1975 1045 2005; x_wconf 88' lang='lat' dir='ltr'>terras</span> <span class='ocrx_word' id='word_1_157' title='bbox 1063 1971 1216 2016; x_wconf 90' lang='lat' dir='ltr'>episcopi</span> <span class='ocrx_word' id='word_1_158' title='bbox 1230 1977 1266 2006; x_wconf 92' lang='lat' dir='ltr'>et</span> <span class='ocrx_word' id='word_1_159' title='bbox 1279 1973 1432 2007; x_wconf 88' lang='lat' dir='ltr'>ecclesiae</span> <span class='ocrx_word' id='word_1_160' title='bbox 1450 1974 1633 2017; x_wconf 89' lang='lat' dir='ltr'>compelle-</span> 
     </span>
     <span class='ocr_line' id='line_1_19' title="bbox 327 2050 1634 2095; baseline 0.005 -12"><span class='ocrx_word' id='word_1_161' title='bbox 327 2050 388 2083; x_wconf 89' lang='lat' dir='ltr'>bat</span> <span class='ocrx_word' id='word_1_162' title='bbox 406 2054 447 2084; x_wconf 90' lang='lat' dir='ltr'>ut</span> <span class='ocrx_word' id='word_1_163' title='bbox 474 2050 506 2083; x_wconf 90' lang='lat' dir='ltr'>ei</span> <span class='ocrx_word' id='word_1_164' title='bbox 533 2051 649 2084; x_wconf 85' lang='lat' dir='ltr'>victus</span> <span class='ocrx_word' id='word_1_165' title='bbox 676 2056 711 2085; x_wconf 91' lang='lat' dir='ltr'>et</span> <span class='ocrx_word' id='word_1_166' title='bbox 736 2052 885 2095; x_wconf 88' lang='lat' dir='ltr'>pecunia</span> <span class='ocrx_word' id='word_1_167' title='bbox 908 2053 1114 2092; x_wconf 88' lang='lat' dir='ltr'>solveretur,</span> <span class='ocrx_word' id='word_1_168' title='bbox 1136 2054 1179 2087; x_wconf 90' lang='lat' dir='ltr'>de</span> <span class='ocrx_word' id='word_1_169' title='bbox 1202 2053 1299 2088; x_wconf 86' lang='lat' dir='ltr'>tribu</span> <span class='ocrx_word' id='word_1_170' title='bbox 1316 2054 1482 2088; x_wconf 90' lang='lat' dir='ltr'>Duncani</span> <span class='ocrx_word' id='word_1_171' title='bbox 1505 2054 1634 2089; x_wconf 91' lang='lat' dir='ltr'>Hiber-</span> 
     </span>
     <span class='ocr_line' id='line_1_20' title="bbox 326 2131 1631 2180; baseline 0.005 -15"><span class='ocrx_word' id='word_1_172' title='bbox 326 2132 402 2165; x_wconf 90' lang='lat' dir='ltr'>nice</span> <span class='ocrx_word' id='word_1_173' title='bbox 417 2131 716 2177; x_wconf 88' lang='lat' dir='ltr'>Clandonoquhy‚</span> <span class='ocrx_word' id='word_1_174' title='bbox 731 2132 930 2167; x_wconf 87' lang='lat' dir='ltr'>carceribus</span> <span class='ocrx_word' id='word_1_175' title='bbox 947 2134 1186 2178; x_wconf 91' lang='lat' dir='ltr'>mancipavit;</span> <span class='ocrx_word' id='word_1_176' title='bbox 1206 2139 1242 2169; x_wconf 88' lang='lat' dir='ltr'>et</span> <span class='ocrx_word' id='word_1_177' title='bbox 1259 2140 1445 2180; x_wconf 90' lang='lat' dir='ltr'>propterea</span> <span class='ocrx_word' id='word_1_178' title='bbox 1457 2136 1572 2171; x_wconf 91' lang='lat' dir='ltr'>tribus</span> <span class='ocrx_word' id='word_1_179' title='bbox 1590 2138 1631 2171; x_wconf 95' lang='lat' dir='ltr'>il-</span> 
     </span>
    </p>
   </div>
   <div class='ocr_carea' id='block_1_5' title="bbox 325 2211 1632 2262">
    <p class='ocr_par' dir='ltr' id='par_1_5' title="bbox 325 2211 1632 2262">
     <span class='ocr_line' id='line_1_21' title="bbox 325 2211 1632 2262; baseline 0.005 -16"><span class='ocrx_word' id='word_1_180' title='bbox 325 2214 394 2247; x_wconf 87' lang='lat' dir='ltr'>lius</span> <span class='ocrx_word' id='word_1_181' title='bbox 414 2217 531 2257; x_wconf 89' lang='lat' dir='ltr'>caput,</span> <span class='ocrx_word' id='word_1_182' title='bbox 545 2211 753 2247; x_wconf 83' lang='lat' dir='ltr'>Alexander</span> <span class='ocrx_word' id='word_1_183' title='bbox 767 2213 928 2254; x_wconf 82' lang='lat' dir='ltr'>Roberti,</span> <span class='ocrx_word' id='word_1_184' title='bbox 939 2214 1117 2259; x_wconf 90' lang='lat' dir='ltr'>prefatum</span> <span class='ocrx_word' id='word_1_185' title='bbox 1131 2215 1332 2259; x_wconf 87' lang='lat' dir='ltr'>pontificem</span> <span class='ocrx_word' id='word_1_186' title='bbox 1345 2217 1401 2251; x_wconf 89' lang='lat' dir='ltr'>die</span> <span class='ocrx_word' id='word_1_187' title='bbox 1415 2222 1536 2252; x_wconf 87' lang='lat' dir='ltr'>sancto</span> <span class='ocrx_word' id='word_1_188' title='bbox 1549 2229 1632 2262; x_wconf 91' lang='lat' dir='ltr'>pen-</span> 
     </span>
    </p>
   </div>
  </div>
 </body>
</html>
