2106 2894
736 377 831 410 PON
832 378 905 410 TIS
927 377 1300 410 DUNKELDENSIS.
1606 383 1674 419 139

371 488 423 522 Et
439 500 460 523 a
473 489 569 523 dicto
586 489 816 523 decimonono
830 489 994 523 Octobris
1011 487 1180 523 inclufive
1197 489 1282 523 anni
1301 489 1450 533 predicti
1460 489 1499 522 in
1511 489 1605 522 diem
1623 490 1675 523 vi-

370 568 541 615 gefimum
559 571 725 615 quintum
743 570 767 604 J
769 571 907 617 anuarij
927 571 1082 617 ejusdem
1100 572 1185 606 anni
1203 569 1377 605 exclusive
1396 571 1616 616 capientibus
1633 575 1675 605 ut

369 650 474 696 supra
490 652 647 696 quinque
661 652 831 696 operariis
845 652 896 697 liij
913 654 939 686 ἔ.
952 632 1005 698 ἰῖὶῖῇ
1024 649 1058 686 d.
1085 652 1136 687 Et
1149 652 1315 686 Findlaio
1328 656 1363 686 et
1375 652 1399 686 J
1401 652 1533 686 ohanni
1546 651 1675 697 Symp-

370 730 451 766 sone
468 737 613 777 propter
630 734 824 767 eorundem
841 731 1071 768 asseduetates
1088 734 1126 768 in
1139 735 1296 778 querella
1313 735 1409 768 ultra
1426 735 1512 768 alios
1529 745 1555 768 x
1572 736 1597 768 ἓ.
1624 732 1675 768 Et

369 815 541 848 allocatur
563 815 782 859 compotanti
803 815 841 848 in
865 815 1083 859 empcionem
1106 816 1261 849 duorum
1286 816 1439 849 millium
1459 814 1675 861 septinginta

370 897 632 943 quinquaginta
649 907 779 931 novem
799 907 947 931 onerum
965 897 1124 941 lapidum
1143 898 1336 931 muralium
1354 908 1417 941 per
1430 901 1570 941 tempus
1583 908 1676 932 com-

369 979 445 1023 poti
462 979 499 1025 xj
519 979 556 1012 li.
573 979 636 1024 xiij
656 980 682 1012 3.
701 979 740 1024 iij
759 976 794 1013 d.
846 978 897 1013 Et
920 980 1093 1014 allocatur
1115 980 1228 1014 eidem
1251 991 1314 1024 per
1336 979 1584 1014 liberacionem
1605 980 1676 1014 fac-

370 1066 445 1095 tam
459 1061 617 1095 Roberto
631 1060 755 1095 Mason
769 1062 812 1096 de
826 1061 948 1106 Cupro
960 1073 1024 1106 per
1037 1065 1109 1096 tres
1122 1060 1335 1106 septimanas
1349 1059 1512 1095 existenti
1525 1063 1571 1096 ad
1585 1073 1674 1107 opus

369 1144 489 1188 pontis
506 1141 596 1177 xxx*
615 1146 640 1177 ἔ.
691 1143 742 1178 Et
771 1155 835 1188 per
863 1143 1111 1178 liberacionem
1137 1143 1268 1178 factam
1297 1143 1320 1177 J
1322 1143 1454 1178 ohanni
1482 1143 1607 1178 Mason
1632 1145 1676 1178 de

372 1223 533 1259 Cartufia
550 1237 616 1269 pro
635 1224 668 1259 se
686 1232 721 1259 et
738 1224 800 1259 suo
816 1225 951 1259 famulo
969 1236 1033 1270 per
1046 1229 1201 1270 quatuor
1213 1223 1427 1269 septimanas
1441 1223 1601 1260 similiter
1615 1236 1675 1260 ex-

370 1295 488 1342 istenti
510 1308 555 1341 ad
578 1308 713 1341 dictum
736 1319 825 1352 opus
847 1308 872 1353 lj
892 1309 918 1341 ἔ,
970 1307 1021 1341 Et
1047 1305 1204 1351 ipsorum
1226 1306 1402 1341 serrorum
1429 1308 1524 1352 apud
1546 1307 1674 1342 Pertht

371 1389 561 1435 bajulatori
581 1389 643 1434 viij
659 1387 693 1423 d.
743 1388 796 1423 Et
812 1389 985 1423 allocatur
998 1378 1112 1422 eidem
1130 1399 1194 1433 per
1207 1388 1455 1424 liberacionem
1472 1389 1602 1424 factam
1615 1389 1639 1424 J
1640 1402 1676 1425 a·

369 1470 455 1504 cobo
473 1468 616 1504 Forrest
640 1475 675 1504 et
693 1469 900 1504 Alexandro
919 1467 1129 1504 Henderson
1155 1467 1203 1503 lie
1216 1467 1360 1512 fillaris
1386 1482 1451 1515 pro
1477 1482 1550 1505 una
1571 1470 1676 1516 septi-

369 1563 475 1586 mana
491 1556 527 1586 et
544 1552 659 1586 tribus
677 1552 801 1586 diebus
823 1552 867 1586 ad
891 1552 986 1586 idem
1010 1563 1099 1596 opus
1126 1552 1261 1597 capien.
1279 1552 1437 1597 quolibet
1454 1553 1492 1587 in
1509 1554 1566 1587 die
1582 1551 1678 1588 sede·

371 1716 484 1750 eidem
501 1716 539 1750 in
557 1716 777 1760 empcionem
794 1715 901 1750 unius
919 1715 1030 1761 mallij
1046 1715 1169 1761 magni
1185 1715 1272 1750 ferri
1291 1716 1438 1761 querelli
1455 1716 1677 1751 extendentis

371 1798 416 1831 ad
434 1809 543 1831 unam
561 1802 699 1842 petram
716 1796 774 1831 sex
795 1797 905 1832 libras
923 1808 1004 1832 cum
1022 1798 1170 1832 dimidio
1186 1798 1273 1832 ferri
1290 1798 1409 1842 precio
1429 1802 1528 1843 petre
1545 1796 1675 1843 septem

372 1879 473 1914 solidi
491 1879 639 1913 Summa
656 1880 694 1913 ix
713 1881 739 1913 ἕ.
757 1880 795 1913 ix
812 1877 847 1912 d.
898 1878 950 1913 Et
974 1879 1014 1913 in
1039 1880 1258 1924 empcionem
1284 1881 1392 1914 unius
1421 1878 1470 1914 lie
1486 1878 1614 1926 piykis
1631 1881 1676 1914 ad

370 1961 563 2005 querellam
580 1939 632 2006 iiij
654 1961 680 1993 ἔ.
693 1959 709 2005 j
729 1957 764 1994 d.
816 1959 867 1994 Et
885 1960 1058 1994 allocatur
1075 1960 1189 1995 eidem
1206 1972 1270 2006 per
1280 1961 1527 1995 liberacionem
1541 1960 1673 1994 factam

370 2040 394 2074 J
395 2041 527 2076 ohanni
540 2042 633 2076 Dow
644 2053 710 2087 pro
722 2042 840 2076 nawlo
853 2042 1062 2088 garcionum
1076 2042 1121 2076 ad
1134 2042 1287 2077 cimbam
1300 2040 1445 2077 diverfis
1460 2041 1596 2076 vicibus
1609 2052 1673 2086 per

369 2127 509 2168 tempus
527 2124 680 2168 compoti
696 2124 758 2170 xvj
777 2121 812 2158 d.
866 2123 918 2158 Et
933 2124 972 2159 in
989 2124 1207 2169 empcionem
1220 2124 1326 2158 unius
1339 2124 1437 2168 parie
1450 2121 1498 2157 lie
1511 2121 1614 2157 navis
1627 2124 1671 2157 ad

368 2205 600 2240 conficiendas
622 2205 725 2240 redas
754 2206 805 2252 xij
831 2203 866 2241 d.
934 2205 986 2241 Et
1007 2206 1178 2242 allocatur
1201 2206 1313 2240 eidem
1339 2216 1403 2250 per
1423 2205 1670 2240 liberacionem
