2044 2906
554 375 680 406 VITAE
705 374 1043 408 EPISCOPORUM
1067 373 1501 407 DUNKELDENSIUM.
1635 372 1677 402 53

373 485 520 526 Christi,
543 491 578 521 et
599 486 761 531 precibus
784 486 879 520 divae
901 486 1052 532 virginis
1074 485 1215 525 Mariae,
1237 495 1278 519 ac
1300 485 1442 530 patroni
1465 483 1585 518 Sancti
1608 482 1675 516 Co-

372 568 516 609 lumbae,
533 573 569 603 et
586 580 658 604 non
675 568 749 603 suis
767 568 904 603 meritis
921 568 1156 608 salvandum3
1188 578 1296 612 super
1311 566 1442 613 quibus
1460 577 1482 600 a
1499 565 1673 611 magistro

372 649 514 684 Thoma
539 650 686 691 Brown,
712 650 845 685 vicario
869 650 913 684 de
939 649 1190 696 Outhergavin
1206 654 1294 684 tunc
1318 652 1492 694 presente,
1517 657 1583 681 suo
1609 656 1674 691 pro

371 736 529 776 tempore
552 731 667 766 scriba
689 736 726 766 et
750 732 941 776 capellano,
957 730 1109 765 testibus
1130 731 1233 765 nobis
1259 730 1451 776 praedictis,
1472 740 1512 764 ac
1529 729 1674 763 domino

370 812 394 845 J
395 812 535 846 ohanne
545 811 649 858 Tyry
659 812 792 846 vicario
802 812 846 845 de
854 811 1090 852 Crawmund‚
1107 823 1148 846 ac
1161 812 1315 846 dominis
1332 815 1511 846 terrarum
1525 811 1675 844 circum-

363 894 571 938 jacentium,
585 894 654 928 viz.
665 893 690 928 J
691 893 830 928 ohanne
842 893 978 940 Cargill
991 894 1035 928 de
1048 893 1214 934 Kinloch,
1228 892 1252 927 J
1253 893 1393 928 ohanne
1407 892 1511 927 Blair
1525 892 1568 926 (le
1584 890 1675 925 Hal-

369 982 468 1016 toun,
486 975 606 1010 David
623 975 850 1022 Scrimgeour
866 976 910 1010 de
923 975 1071 1016 Fordill,
1084 975 1108 1010 J
1110 975 1250 1010 ohanne
1267 974 1422 1009 Stewart
1439 975 1483 1008 de
1500 972 1673 1017 Arntuly‚

368 1057 418 1091 W
418 1059 530 1092 altero
556 1057 786 1092 Bannerman
809 1058 853 1092 de
871 1057 1133 1098 Kellebrochin,
1158 1057 1317 1092 Roberto
1343 1056 1499 1091 Browne
1525 1056 1568 1090 de
1587 1055 1675 1089 For-

368 1140 458 1179 dale,
470 1138 495 1173 J
496 1139 635 1173 ohanne
649 1139 802 1173 Moncur
811 1139 856 1173 de
866 1138 1044 1184 Banny,
1055 1137 1079 1173 J
1080 1138 1220 1174 ohanne
1234 1138 1371 1184 Retray
1381 1138 1425 1172 de
1438 1136 1625 1176 Leichhill‚
1637 1141 1673 1170 et

369 1220 511 1255 Thoma
519 1220 655 1255 Brown
661 1221 875 1255 aromatario
885 1232 926 1255 ac
936 1221 1013 1256 cive
1024 1221 1179 1256 civitatis
1185 1220 1306 1256 Sancti
1315 1219 1484 1261 Andreae,
1491 1231 1572 1255 cum
1583 1220 1674 1254 mul-

368 1304 414 1337 tis
435 1303 525 1343 aliis,
543 1303 797 1348 protestatione
810 1302 915 1342 facta,
933 1303 1180 1338 archidiacono
1196 1313 1315 1337 arcam
1333 1302 1521 1342 crismatis,
1538 1306 1574 1336 et
1591 1312 1673 1335 can-

367 1389 443 1418 tore
461 1394 524 1418 vas
548 1395 630 1418 cum
654 1394 748 1429 aqua
768 1383 953 1418 benedicta
970 1383 1185 1424 tenentibus,
1209 1384 1325 1429 incepi
1342 1383 1545 1429 pontificem
1568 1383 1674 1417 inun-

367 1478 460 1511 gere.
479 1466 572 1501 Cum
586 1466 785 1501 celebrandi
798 1465 917 1502 forent
929 1467 1069 1512 psalmi,
1082 1477 1222 1501 mecum
1235 1466 1472 1501 assessoribus
1490 1467 1672 1511 praedictis

368 1549 525 1591 primum
542 1559 688 1582 versum
705 1548 915 1588 dicentibus,
941 1548 1103 1593 pontifex
1120 1560 1202 1583 cum
1220 1549 1315 1583 dicto
1336 1559 1402 1583 suo
1419 1549 1599 1593 capellano
1622 1550 1674 1582 vi-

368 1630 463 1663 cario
473 1629 517 1663 de
528 1628 789 1676 Outhergavin,
807 1630 959 1664 alterum
970 1641 1114 1665 versum
1125 1631 1291 1665 distincte
1309 1641 1350 1664 ac
1361 1630 1392 1665 si
1410 1641 1518 1665 sanus
1529 1641 1673 1675 corpore

371 1710 497 1745 fuisset
502 1710 714 1755 proferebat,
720 1711 800 1751 nisi,
812 1711 897 1756 quia
902 1711 1119 1746 infirmitatis
1130 1712 1289 1758 gravitas
1300 1687 1498 1746 anhelitum
1508 1712 1675 1756 impedie-

367 1792 439 1832 bat,
463 1792 550 1826 adeo
567 1792 735 1827 velociter
751 1793 844 1827 sicut
860 1804 926 1827 nos
943 1792 1101 1838 proferre
1118 1804 1191 1828 non
1209 1798 1361 1838 poterat,
1379 1794 1600 1839 capellanum
1618 1805 1674 1828 ro-

364 1875 475 1919 gavit,
488 1878 531 1908 ut
543 1874 698 1919 psalmos
712 1874 887 1919 paulatim
901 1879 938 1910 et
950 1875 1089 1910 tardius
1100 1876 1215 1910 dicere
1229 1876 1355 1916 vellet3
1370 1880 1406 1910 et
1419 1876 1469 1909 sic
1482 1876 1559 1921 ejus
1573 1876 1673 1920 adju—

365 1955 468 1995 torio,
480 1959 678 1990 extremam
687 1956 891 2002 peregimus
903 1956 1121 1991 unctionem.
1146 1955 1325 1992 Unctione
1341 1961 1494 2002 peracta,
1508 1957 1547 1990 in
1557 1958 1674 2001 ponti-

365 2035 439 2070 ficis
452 2037 644 2081 praesentia
656 2038 766 2072 missa
778 2037 988 2078 celebratur,
999 2049 1108 2084 quam
1119 2039 1248 2073 devote
1267 2037 1459 2082 (orationes
1473 2039 1513 2073 in
1527 2039 1618 2073 libro
1631 2048 1672 2073 ut

367 2128 506 2162 semper
519 2118 654 2153 solebat
663 2119 797 2166 legens)
811 2120 896 2154 laeto
907 2125 949 2154 ut
962 2121 1130 2165 apparuit
1143 2121 1264 2155 animo
1275 2121 1424 2155 audivit.
1442 2121 1581 2155 Audita
1591 2122 1675 2155 mis-

371 2210 422 2239 sa,
440 2205 475 2234 et
488 2199 678 2235 refectione
695 2206 808 2246 capta,
822 2212 973 2246 pausare
986 2202 1092 2248 coepit
1109 2213 1223 2248 usque
1239 2203 1423 2238 meridiem
1439 2212 1448 2237 :
1475 2202 1579 2238 Tunc
1597 2214 1675 2237 reu-
