2044 2906
366 358 407 387 52
544 356 672 389 VITAE
696 355 1036 389 EPISCOPORUM
1059 353 1492 387 DUNKELDENSIUM.

365 468 443 512 jam
458 468 644 502 honestius
661 467 795 502 moriar
810 477 920 513 quam
937 466 996 501 ille
1013 465 1076 511 qui
1094 475 1175 500 cum
1192 464 1303 500 barba
1319 463 1508 499 inhonesta
1523 475 1670 510 suspen-

368 549 426 583 dio
439 549 605 583 interiit.”
625 548 707 583 Hiis
720 548 836 588 dictis,
847 547 1048 587 divestitur,
1061 550 1097 581 et
1109 546 1148 580 in
1161 546 1292 580 lectum
1302 545 1473 591 recipitur
1483 546 1670 590 paululum

367 640 525 674 pausare.
569 629 621 664 Et
637 630 724 675 quia
740 640 880 675 semper
895 627 999 663 fortis
1022 628 1134 663 animi
1150 626 1232 668 fuit,
1249 638 1436 673 nunquam
1456 627 1495 662 in
1512 638 1671 673 quacun-

365 721 434 755 que
451 710 658 745 infirmitate
674 710 850 751 detentus,
868 710 1038 745 continuo
1054 709 1169 744 voluit
1185 709 1276 744 lecto
1292 709 1483 754 quiescere,
1506 710 1568 743 sed
1591 719 1671 743 sur-

366 803 449 838 gere
471 793 597 827 saltem
621 792 730 827 semel
747 792 790 826 de
807 791 876 833 die,
899 796 936 826 et
955 791 1102 826 missam
1123 791 1272 832 audire3
1299 795 1336 826 et
1356 795 1443 826 tunc
1464 791 1669 826 honestiora

366 874 577 909 indumenta
595 874 763 919 accipere,
777 878 813 908 et
826 884 975 919 mappas
992 884 1033 907 ac
1045 873 1116 908 alia
1127 872 1259 918 quibus
1272 873 1461 908 servitium
1478 874 1510 908 ei
1524 872 1594 908 fuit
1608 873 1671 908 ha-

367 955 457 989 bere.
493 954 658 989 Tandem
675 955 768 989 circa
784 954 910 989 horam
928 958 1066 989 sextam
1084 954 1128 988 de
1145 965 1262 994 mane,
1283 955 1329 988 ad
1346 965 1384 988 se
1407 955 1569 990 accersiri
1586 955 1670 990 fecit

368 1035 561 1082 Magistros
572 1034 596 1070 J
597 1035 746 1070 acobum
758 1034 924 1070 Fentoun
937 1039 1205 1080 praecentorem,
1216 1033 1419 1082 Georgeum
1433 1034 1529 1070 Fern
1539 1035 1670 1070 Archi-

367 1117 554 1152 diaconum
573 1121 609 1152 et
625 1122 801 1162 nepotem,
818 1128 945 1162 meque
964 1117 1042 1164 ejus
1060 1117 1098 1151 in
1111 1116 1178 1151 hac
1194 1121 1295 1162 parte
1313 1117 1488 1152 vicarium
1506 1118 1668 1158 electum,

366 1203 401 1232 et
418 1203 620 1233 reverenter
636 1198 740 1244 petiit
756 1209 794 1233 se
811 1198 950 1245 inungi.
970 1197 1070 1233 Inter
1086 1198 1316 1244 loquendum,
1339 1199 1385 1233 ad
1402 1199 1480 1246 ejus
1497 1200 1667 1235 duximus

366 1281 573 1316 memoriam
587 1280 722 1316 Christi
736 1281 948 1326 passionem,
965 1281 1134 1316 articulos
1148 1280 1241 1321 fidei,
1259 1281 1349 1316 illud
1359 1282 1501 1327 patroni
1520 1283 1576 1317 sui
1593 1283 1668 1317 divi

369 1362 529 1402 Martini,
541 1366 563 1381 “
574 1363 665 1397 mori
679 1374 751 1397 non
763 1363 885 1403 timeo,
900 1374 964 1397 nec
974 1363 1095 1397 vivere
1107 1362 1276 1398 recusabo
1288 1364 1318 1404 ;''
1332 1362 1518 1399 Christum
1530 1370 1668 1405 natum,

368 1454 524 1488 passum,
542 1448 578 1478 et
601 1448 748 1478 caeteros
765 1443 846 1478 fidei
864 1445 1043 1485 articulos,
1061 1445 1167 1490 plane
1184 1445 1258 1479 alta
1273 1449 1310 1479 et
1326 1456 1459 1492 magna
1477 1456 1561 1480 voce
1582 1448 1669 1482 reci-

369 1530 460 1566 tans,
477 1529 519 1560 ut
537 1524 743 1560 Catholicus
761 1526 910 1560 antistes
931 1525 1114 1560 confessus
1132 1530 1196 1566 est,
1214 1536 1252 1560 se
1270 1526 1421 1561 firmiter
1446 1527 1580 1573 absque
1597 1530 1671 1563 ulla

368 1607 552 1652 questione
574 1608 724 1647 credere,
752 1612 788 1642 et
814 1618 954 1652 semper
978 1608 1066 1642 dum
1092 1608 1230 1642 viveret
1253 1608 1485 1650 crediturum,
1508 1610 1672 1655 despecto

369 1688 508 1723 diabolo
533 1693 569 1723 et
585 1688 880 1734 temptationibus
898 1689 995 1730 suis3
1019 1689 1214 1724 solenniter
1236 1694 1449 1735 protestanS,
1467 1692 1563 1736 quod
1586 1694 1672 1737 quia

372 1775 457 1804 tunc
474 1769 598 1804 firmus
621 1770 659 1804 in
676 1770 744 1804 fide
761 1775 848 1811 erat,
866 1775 902 1804 et
926 1782 1025 1805 sanae
1051 1781 1093 1805 ac
1115 1770 1274 1806 robustae
1297 1772 1439 1812 mentis,
1465 1773 1495 1806 si
1517 1778 1674 1817 postmo-

372 1853 459 1885 dum
486 1852 619 1886 virtute
644 1852 817 1896 corporali
840 1851 1028 1892 deficienti,
1051 1851 1224 1887 diabolica
1250 1853 1452 1894 caniditate,
1478 1859 1542 1889 aut
1568 1866 1674 1902 argu-

372 1933 501 1968 mentis
524 1932 747 1968 naturalibus
764 1937 1012 1979 temptaretur,
1035 1939 1071 1968 et
1087 1933 1220 1974 forsan,
1237 1935 1333 1979 quod
1351 1934 1454 1976 absit,
1472 1935 1672 1972 flecteretur

372 2015 491 2059 aliquo
503 2015 609 2049 modo
621 2025 643 2049 a
655 2014 734 2055 fide,
747 2025 820 2049 non
833 2016 893 2055 sic,
907 2016 969 2050 sed
981 2020 1089 2061 prout
1106 2027 1193 2051 sana
1207 2022 1326 2052 mente
1338 2017 1517 2063 professus
1536 2024 1600 2060 est,
1613 2021 1673 2066 Ju-

372 2096 559 2130 dicaretur.
576 2095 691 2142 Super
704 2101 824 2131 tamen
837 2097 968 2137 omnia,
981 2097 1115 2132 divinae
1129 2098 1382 2134 misericordiae
1395 2111 1432 2134 se
1446 2100 1671 2142 submittens,

372 2181 407 2211 et
425 2177 608 2223 justiciam
629 2189 806 2220 recusans,
830 2189 929 2224 spem
954 2179 1094 2215 firmam
1118 2191 1256 2227 gerens,
1280 2193 1317 2216 se
1341 2183 1475 2218 virtute
1498 2183 1673 2228 passionis
