2044 2906
565 431 690 463 VITAE
716 431 1053 463 EPISCOPORUM
1075 431 1508 463 DUNKELDENSIUM.
1643 430 1687 461 35

382 543 478 576 mille
503 542 615 583 librae,
640 543 671 576 si
696 546 779 576 ante
803 541 934 576 festum
961 542 1173 586 penticostes
1203 542 1409 587 proximum
1435 553 1508 576 non
1533 541 1683 576 habeam

381 625 491 658 alium
505 624 673 664 vicinum,
686 634 767 658 cum
780 635 851 668 quo
863 623 1219 668 perambulabimus.”
1254 622 1278 656 J
1280 623 1409 657 acobus
1428 634 1512 657 vero
1529 623 1574 657 ad
1587 624 1683 658 miti-

379 706 533 751 gandam
546 705 722 750 pontificis
734 705 1076 751 magnanimitatem,
1089 705 1312 739 concordiam
1325 706 1494 750 quaesivit
1509 716 1518 747 ;
1542 710 1577 740 et
1590 706 1683 740 arbi-

380 786 573 821 tratoribus
595 786 713 820 electis
735 790 771 820 et
792 785 1094 825 convenientibus,
1119 785 1404 832 subterfugiente
1428 798 1567 832 semper
1588 788 1682 822 dicto

378 867 402 900 J
403 867 520 907 acobo,
534 867 624 901 nihil
641 871 695 901 est
712 871 842 901 actum.
868 867 973 902 Tunc
985 867 1160 912 pontifeX,
1174 879 1322 902 suorum
1340 869 1602 908 canonicorum,
1620 869 1682 902 sti-

378 949 642 993 pendiariorum
656 949 878 989 secularium,
892 953 927 983 et
940 949 1126 983 doctorum
1144 949 1344 989 curialium,
1357 953 1540 983 maturum
1555 950 1681 984 habuit

379 1030 588 1071 concilium;
606 1041 678 1074 quo
691 1031 869 1064 decretum
884 1035 947 1070 est,
960 1031 1022 1076 jus
1041 1035 1219 1064 terrarum
1237 1031 1281 1065 de
1299 1030 1425 1076 Clony,
1439 1031 1633 1077 Congragy
1646 1035 1682 1065 et

379 1112 585 1157 Cardyneis‚
603 1122 684 1145 cum
701 1112 936 1156 pertinentiis,
951 1112 1043 1157 Regi
1062 1116 1098 1146 et
1111 1111 1135 1145 J
1136 1112 1269 1146 ohanni
1288 1111 1454 1152 Stewart,
1467 1112 1540 1147 filio
1557 1117 1592 1147 et
1608 1113 1682 1147 hae-

377 1193 452 1227 redi
469 1193 648 1237 quondam
662 1191 815 1227 WVaIteri
832 1192 996 1233 Stewart,
1010 1193 1196 1237 pertinere.
1224 1192 1418 1228 Consultus
1436 1194 1498 1234 sic,
1516 1194 1610 1228 idem
1627 1206 1681 1228 re-

377 1275 552 1309 verendus
563 1279 675 1319 pater,
686 1286 730 1309 ex
741 1276 909 1309 mandato
920 1276 1029 1321 regio,
1041 1276 1178 1320 copiam
1189 1287 1208 1309 e
1221 1276 1373 1322 registro
1387 1277 1678 1311 omniumdecre-

375 1361 495 1390 torum
517 1357 828 1401 appretiationum,
852 1361 889 1390 et
911 1356 1116 1390 chartarum
1134 1357 1229 1390 dicto
1246 1356 1269 1390 J
1271 1356 1379 1391 acobo
1398 1357 1576 1391 factorum
1613 1358 1679 1393 sub

374 1439 577 1473 authentico
596 1438 761 1473 obtinuit.
788 1438 922 1478 Primo,
935 1439 998 1484 jus
1016 1439 1156 1484 regium
1173 1439 1366 1472 earundem
1379 1443 1568 1480 terrarum,
1586 1441 1678 1475 datis

374 1521 578 1566 quingentis
589 1521 726 1560 mercis,
737 1520 863 1553 deinde
872 1520 933 1565 jus
947 1520 1042 1564 quod
1057 1519 1185 1553 habuit
1195 1520 1289 1553 idem
1300 1519 1323 1553 J
1325 1520 1495 1561 ohannes,
1506 1522 1679 1565 pollicita-

374 1601 470 1634 tione
493 1600 588 1634 facta
616 1601 660 1634 de
688 1600 793 1634 terris
819 1600 887 1634 sibi
913 1601 951 1634 in
981 1600 1191 1634 haereditate
1216 1602 1458 1642 concedendis,
1484 1607 1678 1647 utrumque

373 1681 538 1716 obtinuit.
562 1680 614 1716 Et
624 1692 689 1725 pro
702 1681 946 1726 prosequenda
959 1681 1032 1721 lite,
1044 1681 1087 1715 de
1101 1682 1247 1715 consilio
1260 1682 1344 1716 dicti
1355 1683 1540 1716 reverendi
1554 1685 1677 1727 patris,

373 1763 488 1796 dictus
509 1762 533 1795 J
535 1762 691 1796 ohannes
709 1762 771 1808 jus
789 1773 894 1796 suum
912 1762 957 1796 ad
973 1766 1087 1796 terras
1105 1763 1148 1796 de
1165 1762 1285 1807 Petty‚
1303 1762 1457 1810 Georgio
1475 1763 1576 1798 Blair
1594 1775 1678 1799 ven-

372 1844 484 1885 didit3
509 1843 695 1888 pecuniam
713 1844 829 1878 dictus
847 1843 892 1878 R.
911 1843 952 1877 P.
976 1844 1021 1877 ad
1043 1844 1143 1878 litem
1160 1843 1350 1878 fovendam
1372 1846 1529 1890 accepit3
1557 1851 1592 1880 et
1613 1858 1676 1891 per

372 1925 685 1959 summonitionem
703 1926 838 1971 regiam
861 1925 907 1958 ad
932 1925 1009 1971 ejus
1031 1929 1067 1959 et
1083 1924 1107 1958 J
1109 1925 1258 1960 ohannis
1276 1927 1438 1971 praedicti
1456 1927 1675 1968 instantiam,

371 2010 496 2041 vocato
509 2007 603 2040 dicto
618 2005 643 2039 J
644 2006 751 2041 acobo
769 2010 805 2040 et
818 2005 965 2040 Andrea
981 2006 1132 2052 Hering,
1146 2007 1223 2053 ejus
1236 2007 1320 2047 filio,
1333 2007 1428 2042 feodi
1445 2009 1531 2042 recti
1550 2021 1676 2044 earun-

371 2088 452 2121 dem
469 2092 646 2121 terrarum
664 2088 808 2121 domino
832 2098 950 2121 coram
974 2087 1176 2122 consulibus
1200 2089 1319 2134 regiis,
1344 2090 1388 2123 lis
1406 2090 1470 2123 tali
1488 2090 1674 2136 diligentia

370 2169 608 2214 prosequitur,
622 2168 668 2202 ad
681 2169 967 2203 retractationem
978 2169 1199 2203 decretorum
1213 2175 1337 2205 contra
1346 2171 1481 2205 dictum
1494 2174 1673 2217 quondam

371 2249 574 2285 Walterum
592 2250 746 2285 Stewart
769 2249 1006 2285 obtentorum.
1051 2250 1235 2286 Timentes
1256 2251 1323 2286 sibi
1343 2252 1450 2286 iidem
1466 2251 1619 2286 Jacobus
1638 2257 1672 2287 et
