2044 2906
366 347 407 379 56
546 347 572 377 V
577 346 673 378 1⁷1*AE
698 345 1036 378 EPISCOPORUM
1060 344 1441 376 DUNKELDENSIU
1448 345 1494 376 M.

370 459 461 493 tavit
477 459 523 494 ad
541 459 771 494 sufficientem
789 458 947 504 quinque
964 456 1118 492 fratrum
1136 456 1443 492 sustentationem.
1485 455 1565 490 Hoc
1577 438 1674 501 'prae-

370 541 581 575 tereundum
599 552 672 575 non
689 545 754 581 est,
771 540 878 585 quod,
891 540 986 573 dicto
1003 538 1164 585 Georgeo
1181 537 1359 579 defuncto,
1377 538 1510 572 decano
1527 537 1676 571 minime
1704 540 1715 552 ·

368 627 579 667 exspectato,
596 626 742 667 propter
764 622 967 656 animarum
984 620 1193 666 periculum,
1211 624 1253 654 ut
1275 620 1432 665 capitulo
1451 624 1537 655 tunc
1554 619 1674 654 visum

368 709 431 744 est,
448 705 622 739 vicarium
642 704 846 751 generalem
869 708 906 739 et
923 707 1069 738 caeteros
1091 702 1184 738 sedis
1207 702 1371 738 officiales
1395 703 1606 749 elegerunt;
1634 713 1676 736 eo

367 787 593 831 postmodum
611 786 833 826 adveniente,
850 790 886 821 et
898 785 1186 833 Jurisdictionem
1203 784 1271 820 sibi
1290 789 1463 831 tanquam
1486 785 1675 830 principali

367 869 512 914 capituli
530 868 686 904 debitam
703 868 884 915 alleganti,
904 867 1071 903 Galterus
1089 867 1207 902 Leslie
1224 868 1268 902 de
1287 867 1459 902 Menmur
1477 867 1672 913 prebenda-

368 951 453 990 rius,
467 951 548 985 licet
561 961 624 995 per
637 950 833 995 capitulum
847 950 989 990 electuS,
1003 960 1122 984 coram
1136 949 1243 984 simul
1259 949 1385 994 positis
1398 948 1582 988 fratribus,
1601 948 1674 984 offi-

366 1032 419 1066 cio
432 1032 564 1066 decano
577 1036 749 1078 tanquam
762 1032 972 1078 dignissimo
990 1031 1095 1066 cessit
1106 1042 1117 1073 3
1143 1031 1207 1077 qui
1220 1031 1258 1066 in
1276 1031 1389 1066 officio
1402 1031 1475 1071 illo,
1488 1031 1570 1065 sede
1587 1036 1674 1066 tunc

367 1119 526 1155 vacante,
537 1115 625 1149 adeo
638 1115 761 1150 omnia
773 1125 895 1161 regere
905 1114 1022 1160 coepit,
1033 1118 1075 1149 ut
1083 1114 1181 1148 sedes
1195 1125 1267 1148 non
1278 1124 1416 1154 vacare,
1427 1114 1489 1150 sed
1499 1117 1672 1148 rectorem

367 1197 543 1241 optimum
564 1196 704 1237 habere,
725 1197 795 1231 dici
812 1197 941 1231 merito
958 1201 1108 1242 poterat.
1146 1195 1191 1231 In
1208 1195 1466 1242 spiritualibus,
1483 1197 1601 1241 primo
1618 1207 1672 1230 re-

366 1285 468 1325 cepto
494 1281 641 1326 capituli
658 1281 816 1321 consilio,
834 1292 997 1315 normam
1015 1281 1159 1327 posuit;
1195 1280 1322 1315 deinde
1348 1281 1387 1315 in
1405 1279 1672 1325 temporalibus,

365 1374 430 1407 pro
447 1363 535 1397 bene
552 1363 802 1397 conservandis
819 1363 1035 1404 nemoribus,
1048 1363 1223 1398 limitibus
1240 1367 1276 1398 et
1293 1363 1448 1398 ecclesiae
1461 1362 1618 1409 juribus,
1631 1364 1669 1397 in

366 1445 480 1479 futuri
499 1445 691 1479 adventum
706 1445 894 1490 pontificis,
908 1446 1044 1480 curiam
1057 1445 1250 1480 secularem
1264 1445 1383 1480 vocari
1398 1444 1504 1487 fecit;
1524 1450 1560 1480 et
1577 1456 1671 1480 com·

364 1526 570 1571 parentibus
588 1527 755 1562 omnibus
773 1527 969 1573 inquilinis,
987 1532 1024 1562 et
1040 1538 1160 1562 secum
1173 1527 1369 1574 majoribus
1387 1528 1534 1573 capituli
1548 1528 1669 1563 assist-

365 1609 517 1650 entibus,
530 1611 666 1644 curiam
684 1611 722 1645 in
735 1611 841 1645 domo
854 1614 1030 1656 petarum,
1043 1621 1153 1656 prope
1170 1610 1366 1656 episcopale
1379 1610 1554 1656 palatium
1567 1610 1670 1646 Dun-

364 1692 528 1726 keldense
554 1692 770 1733 affirmavit3
806 1697 842 1728 et
864 1693 926 1727 illa
947 1692 1132 1734 affirmata,
1154 1704 1221 1739 pro
1241 1692 1344 1728 bonis
1366 1693 1513 1740 reginae,
1538 1694 1668 1739 patriae

364 1785 449 1819 pace
466 1780 502 1809 et
517 1774 787 1820 tranquillitate,
801 1775 994 1820 inquilinos
1011 1775 1144 1821 alloqui
1161 1775 1333 1820 coepisset.
1359 1775 1515 1815 Quidam
1532 1774 1557 1809 J
1558 1775 1668 1810 ohan—

364 1868 426 1891 nes
440 1861 700 1892 tormentorum
707 1856 834 1903 jactor,
845 1856 889 1891 de
901 1837 1034 1902 palatio
1049 1855 1233 1902 (postulati
1246 1857 1416 1903 nomine),
1429 1857 1473 1892 de
1485 1868 1557 1903 quo
1570 1856 1665 1891 infra

364 1944 417 1973 est
440 1939 620 1980 dicendus,
637 1949 762 1974 versus
785 1939 957 1973 decanum
976 1943 1155 1974 tormenta
1172 1939 1270 1986 jecit,
1292 1939 1434 1974 minans
1456 1939 1594 1987 majora
1615 1939 1667 1974 fa-

364 2032 451 2061 cere,
470 2021 499 2055 si
518 2021 671 2055 decanus
688 2031 710 2055 a
722 2020 970 2067 jurisdictione
987 2021 1181 2056 exercenda
1197 2032 1269 2057 non
1282 2021 1490 2057 desisteret:
1516 2021 1598 2068 Ipse
1611 2027 1664 2058 ta-

363 2112 444 2137 men
457 2107 499 2137 ut
510 2102 638 2138 nobilis
655 2108 691 2138 et
703 2103 966 2150 magnanimus,
979 2102 1074 2138 facta
1086 2114 1152 2149 pro
1163 2108 1323 2150 tempore
1336 2115 1402 2150 pro
1412 2104 1505 2140 bono
1522 2105 1664 2151 reipub-

361 2186 439 2219 licae
456 2186 616 2232 peregit3
642 2186 838 2232 capitulum
859 2186 947 2232 quid
964 2197 1030 2232 pro
1046 2191 1148 2222 tanto
1170 2186 1326 2223 facinore
1349 2187 1551 2224 faciendum
1569 2187 1661 2223 foret
