2044 2906
582 420 709 450 VITAE
736 420 1076 452 EPISCOPORUM
1099 419 1533 451 DUNKELDENSIUM.
1659 421 1702 453 39

397 529 493 572 prias
515 529 609 563 inter
625 530 719 564 dicta
742 530 875 575 palatia
892 529 1061 574 equitare,
1079 529 1197 574 primo
1220 529 1446 574 conquesivit
1470 529 1697 574 superiorita-

393 614 465 643 tem
482 611 726 645 immediatam
746 612 938 646 earundem
955 616 1145 651 terrarum,
1162 622 1317 645 unacum
1334 615 1465 656 quarta
1481 615 1582 656 parte
1600 612 1695 645 villae

391 691 430 724 in
446 692 673 736 proprietate,
690 704 713 726 a
728 692 752 725 J
753 693 893 726 ohanne
910 692 1012 726 Blair
1029 693 1072 726 de
1086 692 1266 738 Ballgillo,
1282 697 1425 727 tenente
1442 693 1619 727 dictorum
1636 692 1696 726 ab·

391 772 483 806 batis
506 777 542 807 et
559 777 776 813 conventus;
804 777 839 807 et
856 773 1148 817 compositionem
1165 772 1249 807 fecit
1266 784 1348 807 cum
1366 774 1498 808 eisdem
1515 774 1641 808 abbate
1658 779 1694 809 et

390 858 577 894 conventu,
595 858 631 888 et
648 855 687 888 in
704 854 926 889 excambium
944 854 1042 888 dedit
1059 855 1193 888 eisdem
1211 855 1499 899 superioritatem
1517 859 1696 890 terrarum

390 935 432 969 de
444 935 548 982 Logy
558 947 667 980 prope
681 935 958 982 Dumfermling,
973 940 1009 970 et
1020 936 1109 970 duas
1123 947 1258 970 mercas
1272 936 1383 970 annui
1396 936 1556 971 redditus
1570 948 1696 971 earun-

391 1017 483 1057 dem,
509 1028 645 1051 necnon
669 1021 705 1051 et
727 1022 881 1062 quatuor
904 1028 1039 1051 mercas
1065 1018 1176 1051 annui
1200 1018 1360 1051 redditus
1382 1018 1426 1051 de
1447 1017 1627 1052 Newtoun
1652 1019 1695 1053 de

390 1097 580 1132 Aberdour
592 1108 602 1139 ;
617 1098 855 1132 accidentibus
870 1099 916 1132 ad
925 1098 993 1132 hoc
1004 1099 1267 1142 capellanorum
1281 1110 1454 1133 consensu
1465 1104 1501 1133 et
1511 1100 1695 1134 confirma-

389 1180 485 1213 tione
505 1179 614 1225 regia.
649 1178 700 1213 Et
718 1180 768 1213 sic
788 1180 972 1224 episcopus
998 1183 1115 1224 potest
1136 1180 1359 1225 quadruplici
1380 1180 1506 1215 itinere
1523 1181 1693 1226 equitare,

387 1261 481 1294 inter
497 1260 630 1305 palatia
647 1261 829 1305 praedicta,
847 1261 886 1295 in
908 1262 1062 1305 propriis
1086 1266 1122 1295 et
1140 1262 1389 1296 canonicorum
1411 1274 1557 1296 suorum
1575 1264 1690 1303 terris,

389 1342 457 1376 viz.
475 1353 538 1386 per
556 1341 750 1382 Cardineis,
769 1353 833 1386 per
849 1343 882 1376 le
900 1341 1035 1382 Letter‚
1053 1347 1088 1376 et
1105 1354 1168 1387 per
1186 1342 1362 1378 Stentoun
1380 1348 1415 1378 et
1433 1343 1580 1388 Capeth.

439 1507 522 1542 Hiis
546 1508 699 1542 ecclesiae
721 1508 932 1551 impetratis,
955 1512 1167 1552 conquestus
1191 1513 1244 1542 est
1266 1520 1287 1542 a
1309 1509 1408 1554 Rege
1428 1510 1466 1543 in
1483 1509 1689 1549 feodifirma,

388 1598 452 1631 pro
470 1588 708 1633 quadraginta
732 1588 853 1621 solidis
872 1589 1069 1629 annuatim,
1087 1588 1256 1623 forestam
1273 1594 1309 1623 et
1326 1594 1438 1624 terras
1459 1590 1502 1623 de
1520 1590 1688 1631 Birnane,

389 1672 501 1702 terras
519 1672 555 1702 et
568 1669 695 1702 silvam
709 1669 752 1702 de
767 1668 882 1715 Logy,
896 1681 977 1703 cum
991 1671 1227 1714 pertinentiis,
1245 1675 1279 1705 et
1298 1672 1448 1711 easdem,
1462 1683 1502 1705 ac
1515 1676 1627 1706 terras
1645 1673 1688 1706 de

387 1748 597 1793 kakersy
614 1753 650 1783 et
667 1747 829 1794 Arntuly
847 1761 986 1795 semper
1005 1762 1117 1795 usque
1134 1755 1220 1785 tunc
1237 1763 1301 1796 per
1318 1752 1454 1798 Regem
1473 1753 1689 1797 calumpnia-

387 1835 453 1870 tas,
470 1830 624 1864 ecclesiae
641 1841 716 1864 suae
734 1835 770 1864 et
786 1830 944 1865 baroniae
958 1831 1204 1866 Dunkeldensi
1221 1834 1374 1873 concedi,
1391 1834 1498 1874 uniri,
1516 1835 1686 1868 annexari

388 1916 423 1945 et
440 1911 615 1956 pacificari
633 1911 799 1952 obtinuit,
816 1913 909 1947 datis
927 1913 1020 1959 Regi
1037 1918 1079 1948 ut
1101 1914 1319 1958 praedicitur,
1336 1908 1510 1950 fructibus
1528 1917 1686 1950 ecclesia-

387 2003 468 2026 rum
485 1993 528 2026 de
545 1993 764 2027 Crawmund
781 1999 817 2028 et
834 1994 1044 2040 Aberlathy.

435 2154 593 2190 Vocatus
610 2156 717 2190 etiam
734 2157 829 2190 idem
841 2159 1054 2192 reverendus
1072 2163 1173 2203 pater
1185 2171 1250 2204 pro
1267 2161 1439 2195 evictione
1452 2166 1628 2196 terrarum
1639 2162 1682 2196 de

390 2236 609 2282 kakersy,
626 2239 684 2272 vel
700 2239 746 2272 ad
762 2239 1070 2276 warantizandum
1086 2241 1132 2275 lie
1150 2241 1257 2276 Canis
1275 2243 1318 2277 de
1332 2242 1509 2291 Kingorn,
1527 2244 1694 2278 obtinuit·
