1964 2894
474 401 602 434 VITAE
627 400 966 435 EPISCOPORUM
991 400 1426 434 DUNKELDENSIUM.
1574 401 1615 432 25

306 503 426 539 Da'vid
444 504 636 546 Meldrum‚
652 506 820 541 canonico
840 509 876 540 et
893 504 1032 540 officiali
1048 504 1306 545 Dunkeldensi,
1330 504 1547 549 prebendato
1566 504 1610 537 de

308 585 465 633 Cragyn,
483 592 519 622 et
537 587 714 634 Magistro
730 587 851 621 David
868 586 1003 621 Colden
1019 587 1174 620 ecclesiae
1191 590 1405 625 succentore,
1419 586 1513 620 dicto
1531 585 1610 618 Ma-

305 668 419 713 gistro
448 667 473 701 J
474 668 582 702 acobo
616 669 749 702 decano
783 668 827 702 de
860 668 1065 712 episcopatu
1099 672 1154 701 est
1188 668 1385 712 provisum,
1420 668 1609 701 reservatis

304 748 456 783 Thomae
477 749 641 793 episcopo
658 748 834 794 dignitate
856 747 1046 792 episcopali
1071 747 1205 791 pariter
1226 758 1308 781 cum
1324 747 1501 782 fructibus
1519 749 1609 792 epis-

304 833 449 873 copatus
465 828 729 863 Dunkeldensis
751 838 795 862 ex
812 832 914 873 parte
934 827 1083 862 australi
1101 838 1204 872 aquae
1225 828 1268 861 de
1286 827 1412 862 Forth.
1452 828 1608 863 Demum

301 910 426 954 plenus
439 910 578 944 dierum
592 914 628 944 et
640 909 742 944 bonis
757 909 934 954 operibus,
947 920 1029 954 quae
1042 909 1110 943 hoc
1122 908 1244 942 libello
1255 913 1400 953 propter
1411 909 1607 955 legentium

301 991 451 1025 taedjum
465 991 692 1031 omittuntur,
706 991 795 1025 obiit
807 990 1018 1024 venerabilis
1035 991 1102 1024 iste
1120 989 1282 1035 pontifex
1294 990 1465 1031 Thomas,
1479 997 1607 1037 quarto

301 1071 358 1105 die
375 1072 506 1106 mensis
527 1071 753 1112 Novembris,
776 1082 870 1106 anno
887 1071 1022 1105 domini
1044 1071 1232 1105 millesimo
1254 1072 1606 1119 quadringentesimo

300 1152 540 1198 octuagesimo
552 1152 680 1197 primo,
693 1153 749 1198 cuj
753 1163 795 1187 us
809 1157 863 1186 est
875 1152 942 1186 hoc
955 1152 1277 1197 epithaphium—“
1294 1150 1400 1188 Grex
1412 1152 1491 1189 sine
1503 1164 1605 1190 moes-

300 1230 381 1266 titia
413 1230 558 1268 Christo
579 1231 651 1280 pia
665 1231 796 1279 funde
817 1236 975 1280 precata
996 1244 1072 1280 pro
1095 1237 1247 1280 pastore
1279 1232 1419 1269 Thoma
1448 1233 1607 1272 Lawdir

300 1311 461 1354 aureola,
479 1325 583 1361 quem
606 1318 770 1349 sanctum
788 1313 944 1349 Nennia
965 1312 1103 1349 ducant
1111 1313 1203 1361 pius
1223 1318 1333 1361 atque
1353 1313 1537 1358 Columba,
1555 1318 1609 1353 ad

299 1391 379 1428 coeli
395 1405 571 1429 summum
588 1393 693 1441 virgo
709 1393 846 1430 Maria
864 1394 1040 1430 thronum.
1099 1394 1253 1431 Vixerat
1268 1395 1338 1431 hac
1357 1396 1444 1432 sede
1459 1398 1607 1445 proesul

285 1473 477 1522 fulgendo
495 1474 635 1517 decore,
653 1475 779 1511 Annis
796 1474 968 1517 terdenis,
986 1475 1126 1511 actibus
1143 1475 1352 1512 innumeris.
1371 1476 1428 1512 M
1438 1478 1550 1514 semel
1564 1478 1604 1515 L

299 1554 411 1590 semel
420 1555 472 1590 X
480 1560 536 1590 ter
546 1567 590 1590 ac
603 1567 674 1591 uno
689 1554 724 1591 C
731 1560 862 1602 quater
874 1555 991 1590 annis.
1013 1555 1156 1598 Quarto
1170 1568 1254 1591 vero
1267 1556 1327 1592 die
1338 1558 1470 1593 mensis
1483 1558 1599 1595 obiit.”

300 1637 358 1671 Sic
376 1648 458 1672 cum
476 1639 624 1673 sedisset
640 1639 743 1673 annis
761 1638 891 1685 viginti
908 1649 981 1678 seX,
999 1639 1074 1672 loco
1092 1639 1206 1678 cessit,
1224 1644 1260 1673 et
1277 1640 1309 1673 ei
1327 1642 1494 1676 successit

339 1890 363 1923 J
364 1888 564 1924 ACOBUS
580 1889 896 1932 LEVINGTON,
909 1890 1171 1926 Dunkeldensis
1186 1894 1339 1928 ecclesiae
1353 1894 1516 1936 decanus,
1528 1906 1602 1930 rec-

295 1976 352 2005 tor
369 1971 413 2005 de
430 1971 616 2006 Forteviot
638 1975 674 2006 et
690 1971 818 2006 Weme
835 1973 1071 2013 ecclesiarum,
1091 1974 1148 2007 vir
1165 1978 1303 2008 statura
1319 1986 1496 2020 proceruS,
1515 1977 1601 2011 affa-

294 2052 386 2092 bilis,
400 2052 511 2091 mitis,
523 2053 679 2097 prudens
699 2057 735 2088 et
748 2054 858 2094 dives,
872 2053 917 2088 ob
934 2054 1036 2100 cujus
1052 2055 1279 2098 prudentiam
1298 2056 1337 2089 in
1350 2057 1452 2102 regni
1466 2059 1599 2092 cancel-

293 2133 424 2168 larium
447 2137 501 2168 est
517 2133 684 2175 delectus,
706 2139 931 2169 consecratur
954 2134 993 2168 in
1015 2146 1080 2169 sua
1097 2135 1341 2171 Dunkeldensi
1365 2138 1519 2179 ecclesia,
1537 2140 1597 2173 do-

294 2215 427 2250 minica
448 2215 612 2261 proxima
628 2220 711 2262 post
726 2215 858 2251 festum
879 2216 1079 2251 nativitatis
1102 2217 1196 2252 beati
1219 2217 1243 2252 J
1245 2217 1396 2253 ohannis
1419 2219 1595 2264 baptistae,

942 2306 970 2331 D

1640 1162 1682 1193 A.
1699 1163 1739 1195 D.
1757 1164 1850 1195 1481.
