1964 2894
343 379 365 411 6
514 381 641 412 VITAE
667 379 1006 412 EPISCOPORUM
1029 377 1459 410 DUNKELDENSIUM.
1520 401 1525 406 .

383 564 641 600 RICARDUS
664 566 864 610 capellanus
887 563 981 610 regis
998 562 1182 604 willelmi,
1204 566 1426 598 consecratus
1449 562 1488 597 in
1511 563 1634 609 vigilia

332 648 445 681 sancti
469 647 666 687 Laurentii,
689 647 728 680 in
749 645 893 680 ecclesia
916 644 1037 679 Sancti
1059 643 1228 685 Andreae,
1252 643 1348 690 <quae
1369 645 1518 689 antiqua
1539 655 1635 678 nunc

331 728 475 774 dicitur)
493 738 557 773 per
574 727 769 762 Ricardum
786 727 990 772 episcopum
1011 726 1132 762 Sancti
1149 725 1315 761 Andreae.
1368 725 1441 761 Iste
1459 725 1635 760 Ricardus

330 809 495 844 liberavit
512 810 692 844 ecclesiam
715 810 758 843 de
776 808 954 844 Abircorn
976 820 998 843 a
1014 809 1098 855 jure
1119 813 1329 854 patronatus
1345 807 1369 842 J
1371 808 1521 843 ohannis
1538 806 1635 842 Ave-

330 891 429 931 nele;
448 895 484 925 et
500 890 601 925 bonis
615 890 779 935 operibus
796 891 933 935 plenus,
950 901 1031 924 cum
1048 890 1198 925 rexisset
1210 890 1391 925 ecclesiam
1408 900 1520 924 annos
1533 889 1632 923 circi-

329 978 384 1007 ter
400 976 564 1017 quatuor,
582 971 670 1006 obiit
688 971 782 1016 apud
800 971 1040 1012 Crawmund3
1065 975 1101 1005 et
1117 971 1157 1005 in
1173 971 1291 1005 insula
1308 970 1429 1005 Sancti
1447 970 1631 1004 Columbae

95 1052 134 1081 A.
153 1052 193 1082 D.
211 1052 302 1085 1173.
329 1053 488 1098 sepultus
512 1057 575 1092 est,
599 1063 692 1086 anno
715 1052 851 1086 domini
871 1052 1059 1086 minesimo
1076 1052 1267 1086 centesimo
1283 1051 1544 1097 septuagesimo
1561 1054 1631 1085 ter-

326 1136 387 1169 tio.
438 1134 506 1169 Cui
523 1133 689 1169 successit

374 1377 658 1419 CORMACUS,
682 1378 783 1424 cujus
806 1377 1102 1423 contemplatione
1125 1376 1329 1412 Willelmus
1351 1388 1415 1412 rex
1436 1377 1533 1411 dedit
1559 1377 1626 1411 sibi

325 1464 360 1494 et
377 1460 530 1494 ecclesiae
551 1470 627 1494 suae
648 1464 760 1494 terras
778 1460 821 1493 de
839 1459 992 1505 Dulgus,
1010 1459 1183 1494 decimam
1200 1459 1244 1493 de
1260 1470 1350 1494 cana
1372 1458 1467 1505 regis
1489 1459 1533 1493 de
1550 1469 1628 1503 pre-

324 1541 438 1575 benda
454 1541 497 1574 de
519 1541 675 1585 palaciis,
696 1541 740 1574 de
759 1540 879 1575 brasio
905 1541 948 1574 de
970 1541 1079 1586 regiis
1102 1540 1269 1575 dominiis
1292 1551 1332 1575 ac
1353 1541 1532 1580 maneriis,
1550 1551 1628 1585 per-

90 1623 131 1653 A.
148 1623 189 1655 D.
206 1623 296 1656 1174.
323 1622 432 1656 tinen.
450 1622 496 1656 ad
513 1622 693 1656 abbaciam
710 1623 753 1656 de
771 1622 961 1663 Dunkeld3
983 1627 1019 1657 et
1036 1622 1124 1657 obiit
1136 1622 1229 1657 circa
1245 1633 1357 1658 annos
1375 1622 1511 1657 domini
1529 1622 1625 1656 mille

324 1707 465 1738 centum
482 1703 708 1749 septuaginta
724 1708 888 1748 quatuor.
940 1702 1009 1737 Cui
1026 1703 1193 1738 successit

373 1946 661 1981 WALTERUS
674 1946 743 1981 DE
758 1946 930 1987 BIDON,
944 1947 1054 1993 Regis
1066 1946 1238 1981 Wfflelmi
1251 1947 1489 1987 cancellarius,
1506 1958 1625 1981 conse-

90 2032 130 2062 A.
149 2032 189 2062 D.
207 2031 297 2065 1178.
324 2031 442 2061 cratus
459 2038 552 2061 anno
565 2027 700 2061 domini
717 2027 904 2061 millesimo
917 2027 1107 2062 centesimo
1121 2028 1381 2074 septuagesimo
1395 2033 1541 2069 octavo;
1560 2029 1623 2073 qui

324 2109 448 2153 plenus
465 2108 603 2143 dierum
620 2113 655 2143 et
672 2109 773 2143 bonis
791 2109 955 2154 operibus
973 2110 1094 2143 curial.
1113 2108 1210 2144 obiit.
1255 2108 1323 2144 Cui
1341 2110 1507 2144 successit
