2106 2894
483 363 530 398 86
752 364 1018 398 COMPOTUM
1039 363 1272 397 MAGISTRI
1292 362 1494 397 FABRICE

480 474 636 510 Domino
657 475 818 512 Gilberto
840 476 996 521 Scharpe
1017 476 1213 522 graniterio
1234 475 1382 510 Domini
1403 476 1442 510 in
1465 474 1578 510 Perth
1595 474 1638 508 de
1656 473 1786 527 quibus

478 557 573 592 idem
597 559 814 604 graniterius
845 559 1000 593 reddidit
1025 562 1230 602 compotum
1256 558 1352 603 apud
1377 557 1560 592 Tullelum
1585 556 1701 602 xxviij
1730 556 1786 591 die

478 637 605 674 mensis
622 640 839 676 Novembris
862 651 957 676 anno
982 640 1117 675 domini
1143 638 1328 675 millefimo
1344 637 1626 687 quingentefimo
1649 639 1786 673 decimo

476 720 528 756 Et
545 723 588 757 de
606 723 641 769 vj
661 724 698 758 li.
716 735 766 758 xv
785 725 810 758 ἓ.
829 724 865 770 vj
884 721 920 758 d.
937 727 1066 768 recept.
1085 723 1130 757 ab
1152 724 1275 758 eodem
1298 724 1342 758 de
1359 723 1490 768 quibus
1513 721 1669 757 reddidit
1691 732 1786 756 com-

475 808 598 848 potum
626 807 721 851 apud
738 806 930 841 Dounkeld
948 805 1157 840 duodecimo
1174 806 1231 840 die
1256 803 1385 840 menfis
1402 805 1590 850 Februarij
1610 815 1705 839 anno
1724 809 1782 838 *te

476 888 511 920 v‘
527 888 604 934 xj¹¹¹⁰
636 888 688 923 Et
705 890 748 923 de
766 889 828 935 viij
849 890 875 923 ἔ.
901 894 1030 933 recept.
1054 888 1100 923 ab
1120 889 1243 923 eodem
1265 889 1310 923 de
1336 888 1468 933 quibus
1493 888 1606 923 eciam
1628 886 1784 921 reddidit

472 975 675 1016 compotum
702 972 798 1016 apud
816 970 997 1005 Tullelum
1022 971 1111 1004 xxix
1128 970 1267 1015 Aprilis
1297 982 1391 1005 anno
1410 976 1471 1004 'tc'
1489 972 1525 1004 vc
1541 970 1631 1016 xijm
1668 968 1721 1003 Et
1738 970 1781 1003 de

473 1063 547 1086 xxv
563 1053 600 1087 li.
618 1054 693 1099 xvij
712 1055 738 1086 ἔ.
757 1052 796 1098 iij
815 1050 849 1086 d.
867 1057 997 1097 recept.
1015 1052 1060 1086 ab
1086 1052 1208 1086 eodem
1230 1052 1274 1086 dc
1291 1052 1421 1097 quibus
1444 1050 1606 1087 fimiliter
1627 1051 1782 1086 reddidit

471 1138 672 1180 compotum
695 1134 790 1179 apud
819 1133 1001 1169 Tullelum
1019 1134 1134 1180 xvijmo
1149 1133 1314 1180 Januarij
1343 1144 1437 1168 anno
1460 1139 1520 1169 '³:0⁴
1538 1135 1574 1168 vc
1590 1134 1681 1181 xiim
1730 1133 1781 1169 Et

471 1218 513 1251 de
530 1218 568 1252 ix
581 1218 618 1251 li.
632 1217 671 1264 iij
687 1219 714 1251 ἔ.
726 1217 764 1251 ix
777 1215 812 1251 d.
826 1217 975 1261 receptis
993 1217 1038 1251 ab
1056 1217 1178 1251 eodem
1196 1217 1239 1251 de
1257 1216 1388 1262 quibus
1404 1216 1560 1251 reddidit
1577 1222 1780 1263 compotum

469 1300 565 1344 apud
577 1299 759 1335 Tullelum
776 1299 865 1346 xviij
880 1298 1019 1344 Aprilis
1030 1309 1124 1333 anno
1143 1304 1203 1334 etc*
1216 1301 1252 1333 ve
1264 1299 1355 1345 xiij0.
1394 1297 1447 1334 Et
1463 1299 1507 1333 de
1523 1309 1599 1334 xxv
1614 1300 1652 1334 li.
1670 1299 1735 1345 viij
1754 1301 1779 1334 ἔ.

467 1392 492 1416 x
509 1382 543 1416 d.
565 1386 693 1428 recept.
712 1383 758 1417 ab
784 1382 907 1417 eodem
929 1383 1043 1416 eidem
1064 1382 1103 1416 in
1127 1382 1292 1427 proximo
1314 1358 1478 1427 compoto
1498 1380 1561 1416 suo
1584 1381 1779 1416 Reddendo

468 1465 612 1499 allocan.
652 1463 704 1499 Et
728 1465 773 1499 de
798 1465 833 1511 vj
854 1465 890 1499 li.
916 1469 1045 1510 recept.
1073 1476 1094 1500 a
1119 1464 1276 1499 Domino
1301 1463 1497 1499 Willielmo
1518 1464 1672 1499 Moncur
1697 1475 1779 1510 gra-

466 1547 594 1581 niterio
625 1546 810 1582 Laudonie
840 1548 883 1581 de
910 1547 1041 1592 quibus
1071 1547 1165 1582 idem
1195 1545 1413 1593 graniterius
1446 1546 1603 1581 reddidit
1638 1557 1778 1592 compo-

466 1633 544 1663 tum
570 1630 664 1674 apud
686 1629 879 1665 Dounkeld
895 1630 971 1677 xj¹¹¹⁰
983 1630 1039 1665 die
1065 1627 1193 1665 menfis
1214 1628 1421 1664 Decembris
1446 1639 1540 1664 anno
1559 1633 1619 1663 *tc*
1638 1631 1674 1663 vc
1691 1629 1778 1675 xjffl’.

465 1709 518 1745 Et
530 1712 573 1745 de
586 1712 647 1757 xvj
663 1712 699 1746 li
713 1717 841 1757 recept.
860 1713 905 1747 ab
922 1714 1045 1748 eodem
1059 1713 1102 1747 de
1119 1712 1250 1758 quibus
1268 1712 1380 1747 eciam
1397 1711 1554 1746 reddidit
1571 1716 1775 1757 compotum

464 1794 560 1838 apud
580 1793 772 1828 Dounkeld
789 1795 878 1841 xxiij
896 1795 954 1829 die
970 1793 1099 1830 menfis
1115 1794 1303 1839 Februarij
1323 1804 1418 1828 anno
1437 1799 1495 1828 'tc‘
1513 1795 1549 1827 vc
1567 1794 1776 1829 duodecimo

471 1873 523 1909 Et
539 1875 583 1909 de
604 1875 641 1921 xj
660 1875 697 1910 li.
714 1875 765 1922 xij
785 1887 811 1910 s,
828 1875 881 1921 iiij
900 1874 934 1910 d.
956 1880 1084 1921 recept.
1107 1887 1130 1910 a
1152 1872 1328 1921 Magistro
1353 1873 1487 1909 Jacobo
1513 1873 1616 1920 Lyne
1641 1875 1774 1910 decano

462 1957 647 1993 Laudonie
663 1956 756 1993 fibi
746 1969 784 1992 m
804 1958 969 2003 proximo
991 1962 1155 2004 compoto
1174 1955 1237 1992 suo
1259 1956 1439 1991 reddendo
1462 1957 1609 1992 allocan.
1661 1956 1713 1993 Et
1730 1960 1774 1992 de

460 2040 546 2085 xxvj
569 2039 606 2074 li.
628 2039 692 2086 xiij
722 2041 749 2073 ἔ.
779 2018 832 2085 iiij
854 2037 889 2074 d.
912 2040 1064 2086 receptis
1086 2050 1109 2074 a
1134 2038 1292 2075 Patricio
1316 2038 1402 2084 Hay
1424 2038 1468 2073 de
1495 2036 1680 2084 Esehindy
1707 2036 1772 2074 fibi

460 2122 678 2168 compotanti
694 2132 759 2168 per
771 2121 1029 2169 obligacionem
1042 2122 1198 2157 Domino
1215 2122 1259 2157 de
1272 2121 1478 2168 octuaginta
1494 2121 1622 2156 mercis
1638 2120 1770 2157 factam

457 2207 492 2237 et
516 2201 739 2240 ceffionatam
759 2205 799 2239 in
821 2215 911 2251 opus
929 2204 1056 2241 Pontis
1100 2204 1152 2241 Et
1168 2205 1212 2240 de
1227 2204 1331 2251 xlviij
1350 2204 1387 2240 li.
1404 2204 1556 2250 receptis
1581 2215 1604 2239 a
1626 2203 1770 2239 domino
