2106 2894
403 346 474 377 130
695 342 965 375 COMPOTUM
987 340 1220 374 MAGISTRI
1242 340 1445 373 FABRICE

452 453 551 488 Idem
571 453 788 499 Compotans
806 457 930 488 onerat
948 452 982 487 se
999 454 1043 487 de
1060 453 1111 487 xli
1129 455 1156 487 ἒ.
1173 453 1199 498 ij
1218 450 1253 486 d.
1276 452 1320 487 de
1338 450 1448 486 Resta
1465 451 1584 486 ultimi
1608 450 1714 486 Com-

404 536 480 580 poti
497 535 549 570 sui
568 536 696 570 redditi
715 540 757 570 ut
773 534 879 580 supra

855 617 1005 652 Summa
1022 615 1128 652 Reste
1146 620 1244 662 patet

454 782 546 816 Item
563 783 658 816 idem
677 782 895 827 Compotans
913 786 1037 816 onerat
1056 780 1088 816 se
1107 782 1151 815 de
1168 782 1207 827 ij‘
1220 782 1296 816 xlix
1310 782 1346 815 li.
1364 782 1403 815 ix
1420 784 1445 815 ἔ.
1459 782 1475 827 3
1497 779 1532 815 d.
1550 787 1680 827 recept.
1694 794 1715 816 a

404 865 560 899 Domino
571 865 732 899 Gilberto
747 864 902 909 Scharpe
914 865 1091 899 dictorum
1103 868 1332 899 executurum
1344 865 1440 909 apud
1455 864 1583 899 Pertht
1596 866 1717 911 grani-

404 948 494 989 terio
512 948 625 981 eidem
644 947 799 981 Domino
814 946 975 980 Gilberto
993 946 1081 980 alias
1099 947 1259 980 allocatis
1272 946 1311 979 in
1328 946 1456 980 ultimo
1473 944 1535 979 suo
1552 951 1717 991 compoto

404 1030 543 1064 reddito
560 1029 656 1073 apud
674 1028 803 1062 Pertht
821 1028 956 1062 decimo
974 1039 1068 1062 nono
1086 1028 1143 1061 die
1160 1025 1288 1062 menfis
1305 1027 1330 1061 J
1331 1027 1470 1073 anuarij
1490 1028 1640 1072 predicti
1667 1028 1718 1063 Et

406 1112 448 1144 de
462 1110 524 1155 viij
540 1110 576 1143 li.
590 1088 667 1155 x‘i’iij
684 1112 709 1143 ἔ.
725 1109 749 1155 ij
765 1107 800 1143 d.
814 1110 964 1154 receptis
979 1121 1001 1143 a
1014 1109 1170 1143 Domino
1183 1108 1207 1142 J
1208 1109 1317 1143 acobo
1337 1107 1540 1144 Hendirson
1558 1107 1719 1144 similiter

407 1193 502 1237 apud
532 1191 748 1225 Dunkelden
779 1192 974 1237 graniterio
1004 1192 1117 1225 eidem
1145 1191 1231 1225 alias
1258 1191 1417 1225 allocatis
1443 1192 1482 1225 in
1507 1190 1569 1226 suo
1593 1193 1721 1227 ultimo
2099 1184 2106 1219 l

408 1278 571 1319 compoto
589 1274 728 1308 reddito
755 1275 850 1318 apud
875 1273 1112 1308 Dounkelden
1130 1271 1365 1307 decimosexto
1382 1274 1440 1307 die
1462 1271 1590 1308 mensis
1608 1273 1632 1308 J
1634 1285 1722 1308 anu-

410 1356 474 1400 arij
503 1355 653 1399 predicti
705 1354 756 1388 Et
779 1355 823 1388 de
846 1355 884 1400 iij
905 1355 941 1388 li.
959 1333 1035 1400 xioirij
1057 1357 1082 1388 ἔ.
1108 1355 1258 1399 receptis
1286 1365 1306 1388 a
1333 1353 1489 1388 Domino
1515 1355 1558 1388 de
1585 1354 1722 1389 Fardill

411 1438 552 1471 nomine
565 1435 729 1482 Magistri
743 1436 942 1471 Alexandri
957 1437 1114 1471 officialis
1131 1437 1168 1470 in
1182 1440 1322 1481 partem
1336 1435 1524 1470 solucionis
1538 1436 1723 1472 fructuum

412 1519 545 1553 ecclefie
563 1520 605 1553 de
624 1519 839 1553 Crawmond
857 1530 923 1563 pro
940 1518 1071 1564 quibus
1095 1519 1189 1553 idem
1213 1518 1334 1552 David
1357 1518 1466 1553 habet
1490 1519 1725 1564 quittanciam

416 1602 663 1647 Compotantis
709 1601 760 1635 Et
777 1602 821 1635 de
839 1612 862 1635 x
876 1602 912 1635 li.
930 1602 1081 1646 receptis
1100 1613 1121 1636 a
1138 1601 1295 1636 Domino
1313 1602 1356 1636 de
1375 1601 1577 1636 Rothwane
1590 1603 1728 1637 collatis

417 1685 461 1718 ad
479 1684 649 1718 fabricam
668 1684 788 1729 pontis
805 1685 843 1718 in
862 1682 1080 1718 elimosinam
1132 1684 1184 1719 Et
1197 1684 1263 1718 de
1253 1684 1292 1730 iij
1308 1684 1344 1718 li.
1360 1684 1394 1730 vj
1411 1695 1437 1717 s.
1452 1684 1515 1730 viij
1531 1681 1565 1718 d.
1580 1686 1729 1729 receptis

420 1766 464 1800 ab
481 1765 687 1800 Alexandro
711 1765 841 1800 Hareis
866 1777 981 1810 nuper
1005 1765 1173 1800 defuncto
1224 1765 1276 1800 Et
1293 1765 1364 1800 de
1354 1765 1392 1811 n'j
1411 1777 1437 1799 S.
1455 1744 1507 1810 i⁰iij
1527 1763 1562 1798 d.
1579 1766 1730 1809 receptis

422 1860 442 1882 a
459 1848 614 1883 Domino
630 1848 654 1882 J
656 1848 764 1882 acobo
783 1847 927 1882 Lauder
944 1848 1076 1882 decano
1094 1844 1254 1893 Angufie
1271 1847 1315 1881 de
1333 1847 1409 1881 oleo
1426 1851 1651 1891 peccatorum
1670 1859 1734 1892 per

423 1935 562 1975 tempus
580 1931 735 1976 compoti

1461 2012 1554 2027 ......

763 2131 767 2135 ,
807 2095 869 2141 viij
890 2097 915 2129 ἔ.
934 2105 958 2129 v
974 2092 1008 2128 d.
