2106 2894
725 384 893 417 PONTIS
915 383 1283 417 DUNKELDENSIS.
1611 388 1658 420 85

401 580 523 621 ITEM,
541 579 642 614 Idem
662 583 868 625 compotans
886 583 1010 613 onerat
1026 577 1060 613 se
1077 579 1121 613 de

351 674 544 697 avenarum
573 663 754 697 deliberat.
786 663 832 696 ad
860 662 1013 696 verudas
1039 672 1103 705 per
1127 660 1151 694 J
1152 660 1301 695 acobum
1324 659 1436 706 Muyr
1457 659 1660 694 averarium

350 744 497 779 Domini
514 749 557 779 ut
574 742 734 778 fimiliter
751 747 852 788 patet
868 748 904 777 et
921 742 1059 787 patebit
1076 743 1115 776 in
1132 742 1304 787 compotis
1321 741 1404 776 suis.

433 826 581 860 Summa
597 824 808 859 Avenarum

350 906 518 953 Expofite
536 908 581 942 ad
599 908 750 942 verudas
769 912 804 942 et
821 918 910 953 eque
930 917 1012 941 cum
1030 910 1267 951 compotante.

401 1155 513 1188 ITEM
538 1153 639 1188 Idem
661 1157 866 1198 compotans
890 1157 1014 1187 onerat
1036 1151 1070 1187 se
1093 1153 1136 1186 de
1154 1127 1221 1198 sirijc
1242 1126 1333 1198 ffijxx
1343 1152 1381 1198 iij
1401 1152 1438 1186 li.
1456 1130 1508 1198 ii‘ij
1529 1152 1555 1186 ἔ.
1573 1153 1608 1198 vj
1627 1150 1662 1186 d.

352 1237 502 1280 receptis
521 1247 542 1269 a
559 1235 715 1269 Domino
733 1239 769 1269 et
790 1235 869 1269 aliis
893 1234 972 1281 ejus
997 1235 1140 1269 nomine
1162 1238 1206 1269 ut
1228 1238 1327 1279 patet
1339 1234 1377 1269 in
1401 1235 1493 1269 libro
1516 1234 1664 1268 Domini

351 1329 461 1352 manu
478 1317 714 1362 compotantis
732 1315 861 1362 scripto
884 1315 1019 1351 ostenso
1041 1316 1145 1362 super
1168 1319 1373 1362 compotum
1422 1316 1475 1351 Et
1492 1317 1535 1351 de
1552 1314 1619 1351 xx‘J
1638 1318 1664 1352 ἔ.

352 1400 500 1445 receptis
525 1411 547 1433 a
572 1397 747 1445 Magistro
768 1399 934 1434 Johanne
958 1399 1098 1434 Lacock
1123 1399 1319 1445 graniterio
1344 1398 1491 1434 Domini
1517 1400 1560 1433 de
1586 1399 1665 1444 qui-

352 1482 418 1515 bus
440 1482 595 1516 reddidit
617 1486 821 1526 compotum
843 1482 939 1526 apud
963 1481 1179 1516 Dunkelden
1201 1482 1337 1516 decimo
1359 1482 1466 1516 tertio
1487 1482 1544 1515 die
1566 1492 1665 1515 men-

351 1561 396 1598 fis
418 1563 623 1598 Decembris
646 1574 740 1598 anno
760 1564 896 1598 domini
918 1561 1102 1598 millefimo
1124 1560 1407 1610 quingentesimo
1424 1564 1560 1598 decimo
1611 1562 1662 1597 Et

355 1645 398 1678 de
415 1623 542 1690 xxffiiij
562 1646 588 1678 ἔ.
609 1645 758 1689 receptis
779 1644 824 1679 ab
847 1645 969 1679 eodem
995 1645 1039 1678 de
1061 1644 1191 1689 quibus
1214 1642 1373 1679 fimiliter
1393 1644 1549 1679 reddidit
1572 1655 1665 1679 com-

353 1731 478 1771 potum
508 1727 605 1771 apud
635 1725 751 1771 Clony
779 1727 866 1772 xxvj
899 1726 1114 1762 Novembris
1141 1734 1244 1761 anno·
1266 1731 1325 1761 'tc‘
1354 1728 1390 1760 vc
1416 1727 1495 1773 xjm⁰
1543 1725 1596 1761 Et
1620 1728 1664 1761 de

354 1808 441 1853 xviij
462 1808 498 1842 li.
524 1808 560 1853 vj
580 1809 606 1842 ἕ.
633 1808 658 1853 ij
678 1805 712 1844 d.
738 1813 867 1853 recept.
893 1809 939 1843 ab
964 1809 1086 1843 eodem
1112 1809 1308 1855 graniterio
1324 1808 1446 1843 Lacok
1468 1809 1512 1843 de
1534 1809 1664 1853 quibus

353 1984 446 2006 anno
475 1978 534 2007 etc‘0
560 1974 596 2007 v⁶
627 1973 717 2019 xijm⁰
770 1972 822 2029 Et
845 1974 889 2008 de
914 1973 1016 2019 xlviij
1041 1974 1067 2007 ἔ.
1090 1974 1134 2007 de
1160 1973 1291 2018 quibus
1321 1970 1483 2008 fimiliter
1506 1974 1661 2008 reddidit

354 2059 557 2099 compotum
583 2055 679 2100 apud
699 2055 892 2090 Dounkeld
912 2056 1001 2101 xviij
1025 2055 1195 2101 februarij
1224 2067 1318 2090 anno
1343 2061 1401 2090 '²1:0⁶
1419 2057 1455 2089 v⁶
1476 2056 1566 2101 xij¹¹²⁰
1583 2067 1662 2100 pre-

354 2136 449 2170 dicto
478 2135 530 2170 Et
547 2137 589 2171 de
606 2137 643 2183 xj
662 2138 700 2171 li.
718 2148 767 2172 xv
786 2138 812 2172 ἔ.
831 2147 859 2172 X
885 2136 923 2179 d«
937 2142 1067 2183 recept.
1086 2138 1131 2173 ab
1154 2138 1277 2172 eodem
1301 2138 1415 2172 eidem
1437 2138 1475 2171 in
1498 2138 1661 2182 proximo

353 2222 516 2262 compoto
539 2230 604 2253 suo
630 2220 808 2255 reddendo
831 2221 977 2256 allocan.
1012 2219 1065 2254 Et
1082 2221 1128 2258 >de
1146 2220 1195 2265 vij
1215 2221 1253 2254 li.
1277 2220 1302 2265 ij
1323 2222 1349 2254 ἔ.
1367 2230 1390 2253 ν
1407 2216 1441 2253 d.
1465 2220 1614 2264 receptis
1640 2231 1661 2254 a

977 2310 1011 2334 M
