2044 2906
568 427 696 459 VITAE
721 425 1062 458 EPISCOPORUM
1085 424 1522 458 DUNKELDENSIUM.
1643 426 1684 456 33

382 544 465 578 tem,
491 539 592 572 miles
615 549 696 572 cum
720 537 904 571 duodecim
928 535 1107 581 equitibus
1131 535 1317 570 temerarie
1343 535 1486 575 invasit,
1512 539 1548 570 et
1573 536 1681 570 armis

381 630 569 666 aggressus
591 623 644 653 est
666 618 868 664 pontificem
885 622 921 652 et
944 627 1049 658 suos3
1077 617 1173 662 quod
1190 617 1259 651 nisi
1281 617 1375 651 idem
1393 615 1555 662 pontifex
1573 621 1609 651 et
1630 628 1681 651 se-

379 712 461 736 cum
490 700 712 735 ecclesiastici
738 699 939 738 existentes,
969 697 1162 732 familiares
1192 698 1346 743 episcopi
1372 698 1679 743 compescuissent,

379 783 472 816 idem
486 781 650 826 dominus
663 779 687 813 J
688 779 817 814 acobus
831 790 912 813 cum
930 779 1003 813 suis
1017 777 1137 825 gladio
1151 782 1429 823 percuterentur.
1461 779 1679 814 Mediatione

378 863 490 909 igitur
510 862 735 896 ecclesiarum
756 871 828 905 pax
850 864 970 894 secuta
993 864 1046 894 est
1068 871 1133 904 pro
1154 863 1252 899 tunc,
1274 864 1310 894 et
1333 860 1378 894 ad
1402 860 1678 894 convincendam

376 944 501 978 militis
518 943 703 982 malitiam,
721 942 904 987 episcopus
921 945 1160 987 retrogressus
1177 952 1291 986 usque
1304 941 1487 976 civitatem
1501 942 1677 986 pervenit,

375 1030 411 1060 et
427 1025 529 1059 miles
546 1024 682 1058 curiam
699 1024 810 1064 adiit3
832 1027 962 1057 extunc
980 1034 1119 1067 semper
1135 1023 1338 1057 tenentibus
1357 1023 1511 1069 episcopi
1528 1024 1675 1058 nocivus

374 1106 573 1152 praesertim
587 1106 630 1139 de
644 1105 866 1149 Pettindyny
879 1109 914 1138 et
928 1104 1107 1149 Kynvaid.
1143 1104 1262 1144 Quare
1280 1105 1475 1150 episcopus,
1491 1105 1604 1139 milite
1622 1106 1676 1139 in-

374 1188 456 1228 scio,
474 1191 587 1221 terras
605 1186 648 1220 de
661 1185 711 1219 W
711 1190 804 1220 ester
822 1185 1013 1230 Kynwaid,
1024 1184 1168 1220 Wester
1185 1185 1383 1220 Lowstoun
1400 1190 1436 1221 et
1449 1185 1558 1221 Ester
1569 1186 1675 1221 Low-

371 1273 488 1308 stoun,
515 1268 668 1302 ecclesiae
699 1267 874 1301 fructibus
904 1268 947 1300 de
978 1266 1197 1301 Crawmund
1227 1278 1292 1312 pro
1322 1268 1487 1309 triennio,
1514 1268 1672 1303 Roberto

369 1350 493 1385 Waws
511 1350 680 1396 burgensi
698 1350 741 1384 de
755 1349 971 1395 Edinburgh
984 1349 1128 1383 domino
1146 1350 1336 1383 earundem
1355 1350 1555 1396 assignatis,
1573 1352 1670 1390 emit,

369 1433 592 1478 ecclesiaeque
621 1443 697 1466 suae
727 1431 991 1470 admortizatas,
1019 1435 1055 1465 et
1084 1431 1241 1465 baroniae
1267 1431 1512 1466 Dunkeldensi
1538 1433 1669 1472 unitas,

368 1515 467 1560 regia
482 1513 694 1548 liberalitate
716 1512 896 1552 obtinuit3
924 1522 965 1546 eo
982 1516 1102 1545 tamen
1119 1517 1233 1556 pacto,
1251 1517 1293 1546 ut
1310 1513 1481 1547 darentur
1497 1513 1540 1547 de
1563 1515 1668 1547 eccle-

367 1595 420 1629 sia
441 1595 479 1628 in
500 1593 614 1638 capite
636 1593 798 1627 tenendae
819 1592 960 1627 cuidam
983 1592 1142 1632 seculari,
1166 1593 1353 1627 servitium
1373 1593 1587 1627 forinsecum
1609 1605 1667 1628 su-

362 1686 484 1721 premo
517 1676 661 1710 domino
686 1678 809 1708 nostro
831 1673 923 1720 Regi
947 1674 1161 1718 impensuro.
1218 1673 1430 1719 Conquestis
1454 1685 1538 1709 vero
1560 1676 1664 1709 terris

364 1757 445 1796 illis,
463 1760 499 1790 et
516 1756 554 1790 in
568 1756 684 1790 medio
701 1755 904 1795 earundem,
922 1765 1029 1799 super
1041 1755 1146 1789 terris
1160 1755 1401 1790 ecclesiasticis
1415 1756 1458 1790 de
1471 1755 1663 1801 Kynwaid,

361 1838 555 1872 maneriem
577 1837 798 1877 construxit3
831 1841 867 1871 et
890 1837 940 1870 sic
963 1840 1076 1871 terras
1100 1836 1178 1870 illas
1204 1841 1239 1870 et
1263 1837 1417 1872 ecclesiae
1440 1841 1600 1872 tenentes
1624 1839 1661 1871 in

358 1930 443 1964 pace
465 1918 677 1954 observavit.

409 2081 489 2117 Hac
508 2082 615 2129 plaga
635 2086 671 2116 et
690 2086 791 2127 parte
811 2083 967 2117 limitum
989 2084 1210 2128 episcopatus
1231 2083 1423 2128 pacificata,
1443 2094 1558 2118 novus
1581 2093 1658 2118 sur:

358 2163 451 2198 rexit
475 2163 640 2198 inimicus
663 2162 817 2198 Jacobus
842 2163 982 2210 Hering
1005 2165 1048 2198 de
1074 2163 1190 2209 Clony
1212 2164 1338 2205 dictus,
1364 2164 1457 2199 filius
1480 2165 1656 2211 primoge-

355 2244 453 2279 nitus
483 2249 518 2279 et
545 2244 659 2280 haeres
683 2244 833 2280 Davidis
863 2245 1005 2293 Hering
1029 2247 1072 2280 de
1098 2245 1290 2292 Lethindy.
1333 2245 1436 2282 Adeo
1461 2247 1653 2293 inquilinos

987 2330 1014 2355 Ε
