2044 2906
131 1239 170 1268 A.
189 1239 229 1269 D.
247 1240 341 1271 1500.

378 395 419 425 40
540 394 667 426 VITAE
692 392 1031 425 EPISCOPORUM
1054 391 1491 424 DUNKELDENSIUM.

375 506 556 539 decretum
569 504 804 539 Dominorum
818 503 978 543 Concilii,
991 513 1056 547 per
1071 502 1267 536 evidentias
1283 512 1348 546 per
1363 511 1421 534 me
1438 501 1515 546 ejus
1533 501 1679 536 nomine

377 591 556 627 ostensas3
577 597 642 630 per
658 586 753 630 quod
769 585 941 619 liberatur
957 584 1103 617 ecclesia
1120 582 1165 616 ab
1182 582 1355 616 evictione
1373 582 1556 627 praedicta,
1572 592 1680 627 super

375 679 446 712 quo
462 668 556 701 idem
573 667 786 701 reverendus
803 670 905 711 pater
921 665 997 699 fieri
1014 664 1098 700 fecit
1114 675 1320 710 processum
1341 664 1380 699 in
1396 664 1549 711 registro
1573 664 1679 698 eccle-

376 749 438 783 siae
461 748 700 783 observatum.

426 911 533 945 Nunc
548 910 713 945 discendo
730 910 774 943 ad
791 908 1017 943 fundationes
1035 919 1099 953 per
1115 919 1198 942 eum
1211 907 1322 942 factas
1337 918 1347 949 3
1369 912 1405 943 et
1418 908 1546 953 primo,
1564 909 1676 943 altare

378 994 415 1027 in
429 1003 493 1026 sua
506 992 658 1032 ecclesia,
671 995 707 1026 et
719 992 939 1036 capellanum
957 990 1002 1024 ad
1019 990 1107 1024 illud
1122 994 1335 1035 perpetuum
1348 990 1387 1024 in
1400 989 1572 1024 honorem
1586 991 1678 1025 divae

379 1074 528 1120 virginis
549 1073 677 1108 Mariae
698 1071 823 1117 (libera
843 1084 908 1107 nos
932 1084 954 1106 a
976 1072 1089 1117 poenis
1113 1071 1259 1118 inferni)
1277 1072 1323 1106 ad
1340 1072 1524 1106 dimidiam
1546 1073 1677 1118 princi-

375 1156 464 1200 palis
490 1156 612 1189 altaris
638 1155 733 1189 divae
755 1154 906 1201 virginis
932 1154 971 1189 in
996 1154 1118 1188 eadem
1144 1154 1297 1188 ecclesia.
1339 1152 1391 1188 Et
1414 1154 1499 1199 quia
1522 1155 1560 1189 in
1581 1165 1676 1189 anno

375 1238 508 1271 domini
531 1237 718 1271 millesimo
742 1236 1038 1283 quingentesimo,
1061 1236 1259 1270 saevissima
1282 1236 1447 1282 regnavit
1470 1237 1590 1281 pestis,
1611 1248 1675 1282 per

372 1324 488 1353 totiun
514 1330 664 1365 regnum
690 1318 829 1358 Scotiae,
857 1323 892 1352 et
917 1323 959 1352 ut
984 1317 1081 1351 fama
1106 1317 1232 1358 fertur,
1258 1318 1384 1352 civitas
1410 1318 1673 1353 Dunkeldensis

372 1401 494 1440 illaesa,
512 1400 648 1434 meritis
665 1400 739 1434 divi
758 1400 900 1444 patroni
919 1398 1111 1440 Columbae,
1129 1410 1151 1433 a
1167 1399 1377 1445 contagione
1397 1399 1567 1444 pestifera
1583 1411 1673 1434 sem-

371 1495 433 1528 per
456 1484 674 1528 permansit3
705 1483 785 1517 ideo
806 1483 843 1516 in
861 1482 1031 1517 honorem
1048 1483 1218 1528 ejusdem,
1242 1494 1307 1527 per
1327 1494 1463 1517 annum
1480 1484 1672 1530 integrum,

369 1565 442 1598 suis
470 1565 631 1609 expensis
658 1563 793 1598 cantari
817 1563 900 1598 fecit
927 1563 1073 1597 missam
1101 1573 1182 1597 cum
1208 1567 1304 1603 nota,
1333 1563 1379 1597 ad
1406 1564 1523 1610 majus
1549 1565 1671 1606 altare,

368 1646 465 1679 omni
494 1646 550 1679 die
580 1646 619 1679 in
645 1646 797 1679 secundo
823 1646 930 1690 pulsu
955 1645 1000 1678 ad
1023 1645 1243 1685 matutinas3
1280 1648 1316 1679 et
1341 1656 1436 1680 anno
1458 1645 1560 1681 finito
1585 1647 1671 1692 quia

370 1727 494 1761 civitas
525 1730 560 1760 et
589 1726 746 1760 maxima
776 1725 1057 1771 circumjacentis
1087 1725 1211 1770 patriae
1238 1736 1332 1770 pars,
1359 1737 1381 1759 a
1410 1731 1508 1771 peste
1535 1728 1670 1763 intacta

370 1808 575 1853 permansit,
600 1807 679 1841 ideo
700 1807 846 1841 missam
871 1807 986 1851 ipsam
1008 1807 1167 1851 quotidie
1193 1806 1388 1846 dicendam,
1414 1807 1506 1841 datis
1532 1808 1577 1842 ad
1603 1808 1670 1843 hoc

370 1889 643 1934 quatuordecem
669 1888 769 1922 libris
799 1888 910 1922 annui
940 1899 1065 1922 census
1092 1888 1306 1933 praediorum
1333 1888 1559 1929 rusticorum,
1586 1889 1668 1924 fun-

370 1971 485 2005 dando
503 1970 737 2015 perpetuavit.
775 1968 831 2003 Ac
852 1973 895 2003 ut
917 1968 1130 2003 celebrantes
1154 1970 1301 2004 eandem
1319 1971 1464 2004 missam
1486 1971 1667 2006 ecclesiam

369 2053 584 2092 decorarent,
602 2052 765 2097 tedioque
782 2062 846 2085 nec
864 2051 1095 2091 afficerentur,
1113 2055 1247 2096 septem
1266 2052 1372 2098 elegit
1389 2052 1486 2087 chori
1505 2053 1666 2094 vicarios,

369 2135 488 2168 decem
511 2133 683 2167 librarum
708 2133 884 2178 stipendio
910 2133 1112 2173 conductos,
1134 2133 1180 2167 ad
1205 2137 1340 2178 septem
1363 2134 1517 2169 ecclesiae
1540 2135 1666 2169 altaria

368 2215 525 2250 nondum
548 2213 709 2255 fundata,
725 2214 794 2249 viz.
812 2214 978 2249 divorum
996 2214 1159 2254 Martini,
1177 2213 1355 2256 Nicholai,
1376 2213 1533 2250 Andreae
1549 2214 1666 2260 Apos-
