2106 2894
421 366 468 398 84
699 360 968 395 COMPOTUM
989 360 1217 394 MAGISTRI
1239 360 1439 410 EABRICE

468 471 582 507 IDEM
608 478 813 518 computans
836 477 961 507 onerat
987 472 1021 507 se
1047 473 1091 507 de
1114 483 1139 507 v
1162 473 1289 507 celdris
1313 473 1394 519 iiij⁰²
1421 472 1523 507 bollis
1546 473 1571 519 ij
1596 473 1723 509 firlotis

416 554 549 590 farriae
572 556 720 601 receptis
738 567 760 589 a
782 553 958 601 Magistro
984 554 1008 588 J
1009 554 1149 589 ohanne
1167 554 1289 589 Lacok
1306 555 1502 601 grauiterio
1519 554 1668 590 Domini
1684 556 1723 591 in

416 636 653 671 Dounkelden
679 638 723 671 de
748 637 879 682 quibus
904 637 998 671 idem
1026 636 1243 683 grauiterius
1269 637 1424 672 reddidit
1449 641 1653 682 compotum
1680 642 1722 672 ut

413 723 511 763 patet
537 719 575 753 in
601 720 723 754 eodem
749 720 888 754 reddito
918 719 1014 764 apud
1044 718 1281 753 Dounkelden
1315 720 1402 765 xxvj
1430 719 1597 754 Octobris
1627 731 1721 755 anno

412 800 547 835 domini
570 799 754 837 millefimo
772 799 1053 848 quingentefimo
1078 801 1215 836 decimo
1239 802 1278 836 in
1302 806 1465 847 compoto
1488 800 1721 846 expensarum

411 881 544 917 farrine
597 883 647 918 Et
671 884 714 918 de
738 884 775 917 ix
799 883 925 918 celdris
949 883 999 929 xij
1026 883 1128 918 bollis
1149 883 1283 918 fan-ine
1306 884 1352 918 ab
1377 885 1499 919 eodem
1525 885 1721 930 graniterio

410 970 538 1009 recept.
562 966 606 1000 de
631 966 762 1010 quibus
785 963 945 1000 fimiliter
968 965 1123 1001 reddidit
1145 970 1350 1010 compotum
1373 967 1468 1010 apud
1494 966 1610 1011 Clony
1631 967 1718 1012 xxvj

410 1046 624 1081 Novembris
648 1059 742 1081 anno
759 1047 894 1081 domini
915 1044 1100 1081 millefimo
1124 1045 1406 1093 quingentesimo
1430 1049 1617 1082 undecimo
1668 1048 1721 1083 Et

408 1129 452 1163 de
469 1129 506 1175 xj
526 1129 652 1164 celdris
668 1129 695 1175 ij
715 1129 819 1164 bouis
836 1129 861 1175 ij
881 1129 1007 1165 firlotis
1025 1130 1237 1165 victualium
1262 1130 1361 1165 ordei
1377 1134 1414 1164 et
1430 1130 1565 1165 farrine
1587 1136 1717 1176 recept.

408 1210 452 1245 ab
470 1211 592 1247 eodem
610 1212 653 1246 de
671 1212 802 1257 quibus
818 1212 930 1247 eciam
952 1212 1108 1247 reddidit
1131 1217 1335 1256 compotum
1359 1213 1455 1257 apud
1479 1211 1718 1249 Dounkelden

405 1374 531 1410 firlotis
556 1375 690 1412 farriae
715 1381 844 1422 recept.
871 1377 917 1412 ab
942 1377 1065 1412 eodem
1098 1377 1294 1423 graniterio
1321 1378 1366 1412 de
1393 1377 1524 1422 quibus
1554 1375 1714 1414 fimilioer

406 1458 559 1493 reddidit
574 1464 779 1504 compotum
797 1461 841 1494 de
858 1459 920 1495 sua
938 1458 1030 1495 resta
1052 1459 1272 1505 precedentis
1294 1460 1448 1504 compoti
1472 1461 1569 1504 apud
1593 1459 1718 1494 Doun-

407 1541 490 1575 keld
507 1542 596 1587 xviij
618 1541 805 1588 Februarij
822 1554 915 1578 anno
932 1549 989 1578 ‘w‘
1002 1544 1037 1576 νε
1048 1543 1137 1588 xijm⁰
1179 1542 1231 1577 Et
1244 1543 1287 1576 de
1304 1542 1368 1588 xiij
1388 1543 1514 1577 celdris
1531 1542 1570 1588 iij
1590 1542 1716 1578 firlotis

406 1623 444 1668 iij
470 1624 583 1668 peccis
601 1625 809 1661 victualium
827 1626 977 1671 receptis
994 1626 1040 1661 ab
1063 1625 1184 1661 eodem
1203 1623 1267 1659 fibi
1289 1625 1327 1660 in
1349 1623 1411 1676 sup
1436 1625 1599 1669 proximo
1619 1636 1716 1659 com-

406 1710 490 1749 poto
507 1707 684 1740 reddendo
702 1708 894 1742 allocandis

663 1788 810 1823 Summa
826 1789 1047 1823 Victualium
1065 1790 1114 1834 xlj
1135 1801 1164 1823 c.
1182 1801 1205 1822 x
1223 1789 1256 1823 b.
1276 1790 1300 1834 ij
1320 1790 1345 1822 f.
1363 1789 1401 1833 iij
1421 1800 1455 1832 p.

456 1951 653 1988 EXPENSE
670 1953 864 1988 eorundem
881 1958 1005 1998 patent
1028 1958 1064 1988 et
1087 1953 1262 1998 patebunt
1284 1954 1321 1988 in
1337 1959 1502 1999 compoto
1524 1954 1609 1988 dicti
1633 1965 1714 2000 gra-

404 2035 524 2068 niterii
542 2046 620 2069 cum
647 2034 718 2079 ipse
736 2035 946 2071 deliberavit
963 2036 1086 2071 eadem
1114 2036 1282 2072 victualia
1307 2037 1478 2082 operariis
1509 2037 1627 2081 pontis
1663 2035 1713 2070 Et

403 2114 449 2150 fic
465 2128 554 2161 eque
572 2127 653 2151 cum
670 2121 894 2162 compotante
