2106 2894
415 356 486 390 138
696 351 963 390 COMPOTUM
984 350 1213 385 MAGISTRI
1234 351 1434 384 FABRICE

418 467 526 509 prout
542 463 581 498 in
598 463 790 497 earundem
808 463 981 507 compotis
999 463 1203 498 immediate
1220 463 1400 507 preteritis
1417 470 1563 498 cavetur
1614 462 1666 498 Et
1679 465 1731 498 al-

418 547 556 581 locatur
576 545 689 579 eidem
715 555 779 589 per
801 544 1050 579 liberacionem
1068 545 1198 579 factam
1217 544 1376 580 Johanni
1395 545 1555 591 Merl3on
1578 546 1729 581 lathimo

419 639 483 673 per
499 632 639 672 tempus
657 627 812 672 compoti
830 627 984 672 capienti
1001 632 1109 672 prout
1119 628 1158 661 in
1175 627 1293 672 priore
1311 632 1476 672 compoto
1494 629 1731 672 compotantis

428 688 452 701 01·

419 802 500 825 cum
517 789 579 825 suo
598 789 699 824 servo
721 789 846 825 Powte
868 790 914 825 ab
936 795 1061 825 octavo
1085 790 1141 825 die
1165 778 1291 825 mensis
1314 790 1480 825 Octobris
1503 802 1597 825 anno
1616 796 1676 825 'tc'
1696 793 1730 824 νσε

419 873 681 918 decimoquinto
699 873 736 906 in
754 873 906 907 eundem
923 873 1017 907 diem
1043 884 1137 907 anno
1155 874 1318 908 revoluto
1336 874 1490 918 capienti
1516 885 1579 918 per
1595 885 1730 908 annum

420 956 459 990 in
475 954 535 990 sue
553 955 723 990 mercedis
741 954 899 988 laborem
916 959 952 989 et
968 953 1060 988 servi
1073 953 1127 988 sui
1145 954 1270 989 Powte
1283 956 1347 999 qui
1364 952 1499 989 recessit
1517 955 1562 989 ab
1576 966 1680 999 opere
1694 957 1731 989 in

420 1036 508 1072 festo
526 1036 646 1071 Sancti
663 1036 687 1070 J
689 1036 839 1070 ohannis
854 1033 1016 1081 Baptiste
1032 1036 1234 1071 nativitatis
1252 1037 1540 1083 vigintiquatuor
1557 1037 1618 1072 lib.
1638 1038 1675 1083 xj
1696 1038 1730 1072 li.

421 1118 459 1163 iij
484 1120 510 1151 ἔ.
532 1097 584 1162 iiij
604 1115 638 1151 d.
691 1115 742 1151 Et
764 1117 877 1151 eidem
899 1116 923 1150 J
925 1117 1059 1151 ohanni
1081 1117 1119 1151 in
1142 1117 1342 1162 inceptione
1364 1118 1450 1152 novi
1470 1117 1565 1152 feodi
1588 1116 1642 1153 sm·
1671 1130 1733 1153 an-

419 1200 482 1233 nui
499 1177 551 1244 ὶίοὶῖῇ
571 1199 607 1233 li.
625 1210 648 1232 x
667 1200 692 1232 ἔ.
744 1197 795 1232 Et
818 1199 990 1232 allocatur
1015 1198 1128 1232 eidem
1154 1210 1218 1243 per
1243 1199 1491 1234 liberacionem
1512 1199 1642 1234 factam
1670 1200 1732 1234 Ja-

420 1281 506 1316 cobo
523 1279 666 1326 Aysone
683 1285 718 1315 et
731 1280 755 1314 J
757 1281 887 1315 ohanni
903 1277 1054 1325 Diykeis
1072 1278 1120 1315 lie
1130 1279 1295 1327 prenteis
1312 1293 1333 1315 a
1346 1280 1434 1316 festo
1448 1281 1569 1316 Sancti
1584 1283 1733 1317 Mertini

420 1365 457 1397 in
475 1375 569 1398 anno
581 1368 640 1398 'tc‘
654 1365 690 1397 ve
703 1364 965 1409 decimoquinto
983 1364 1021 1398 in
1039 1364 1191 1398 eundem
1202 1364 1296 1398 diem
1311 1375 1404 1398 anno
1418 1365 1580 1399 revoluto
1594 1366 1733 1410 capien-

423 1447 451 1481 ti
474 1457 537 1491 per
561 1457 695 1480 annum
713 1446 872 1492 quolibet
889 1447 1152 1492 quinquaginta
1168 1445 1295 1481 solidos
1314 1451 1349 1481 et
1367 1447 1526 1481 modium
1544 1447 1678 1481 farrine
1695 1448 1732 1481 in

423 1527 616 1572 septimana
633 1507 684 1574 ii'i‘j
701 1528 737 1561 li.
753 1528 815 1573 viij
836 1528 861 1561 ἓ.
914 1526 965 1562 Et
984 1529 1157 1562 allocatur
1174 1528 1288 1562 eidem
1311 1539 1375 1573 per
1393 1528 1641 1562 liberacionem
1661 1528 1732 1563 fac-

423 1615 497 1644 tam
518 1609 542 1643 J
543 1610 650 1645 acobo
678 1610 815 1645 Lokert
842 1611 992 1655 lapicide
1023 1611 1061 1645 in
1074 1611 1291 1672 *mercedem
1319 1611 1451 1645 laboris
1478 1609 1530 1645 sui
1559 1612 1733 1646 conducto

424 1693 510 1738 xxvj
531 1692 656 1738 Mercij
676 1704 770 1727 anno
785 1698 844 1727 ἵετ’
860 1695 894 1726 vc
907 1704 956 1727 xv
969 1694 1007 1727 in
1024 1694 1176 1728 eundem
1188 1694 1282 1727 diem
1300 1704 1394 1727 anno
1407 1695 1570 1728 revoluto
1582 1694 1732 1738 capienti

426 1776 462 1809 in
485 1786 579 1809 anno
601 1776 794 1809 octodecim
817 1775 926 1810 libras
943 1776 1019 1821 xvij
1039 1776 1076 1809 li.
1094 1787 1118 1809 x
1137 1778 1162 1809 ἔ.
1214 1775 1266 1810 Et
1291 1776 1404 1810 eidem
1423 1776 1462 1810 in
1478 1774 1526 1810 lie
1543 1774 1673 1820 bontay
1690 1786 1733 1809 ex

425 1858 594 1891 mandato
611 1861 839 1891 executorum
858 1854 922 1890 xx‘j
945 1860 972 1890 ἔ.
1015 1856 1066 1891 Et
1083 1858 1255 1891 allocatur
1273 1858 1385 1891 eidem
1404 1868 1468 1901 per
1484 1857 1732 1892 liberacionem

425 1939 555 1973 factam
574 1943 652 1974 octo
670 1939 843 1985 operariis
866 1950 887 1973 a
909 1936 1226 1985 vigefimoseptimo
1243 1939 1300 1973 die
1321 1936 1448 1973 menfis
1465 1938 1629 1986 Januarij
1650 1941 1733 1974 anni

428 2022 485 2055 ‘tc‘
502 2022 538 2055 v‘
554 2018 620 2055 xvc
638 2022 676 2055 in
693 2021 788 2055 diem
806 2021 1119 2055 decimumnonum
1137 2021 1303 2056 Octobris
1321 2018 1495 2056 exclusive
1518 2023 1602 2057 anni
1622 2028 1681 2057 ze*
1700 2024 1734 2056 v‘

425 2102 639 2139 decimisexti
658 2102 889 2138 existentibus
907 2104 945 2138 in
967 2104 1124 2148 querella
1146 2104 1299 2148 capienti
1325 2104 1484 2149 quolibet
1509 2116 1573 2150 per
1598 2116 1731 2139 annum

425 2187 520 2221 ultra
548 2187 707 2221 modium
738 2186 872 2221 fari-ine
898 2187 935 2221 in
972 2185 1168 2232 septimana
1197 2187 1437 2233 quadraginta
1464 2186 1592 2222 solidos
1618 2189 1667 2234 xij
1696 2189 1732 2223 li.

2104 1188 2106 1195 .
2100 1110 2106 1181 ,-..-
2099 817 2106 1098 ..ΚΛΜ-*ΑΛ*
