1964 2894
365 371 385 398 8
535 366 662 397 VITAE
687 365 1025 398 EPISCOPORUM
1052 363 1481 398 DUNKELDENSIUM.
1510 392 1513 395 .

356 470 638 516 indignationem
662 474 782 504 tamen
805 469 899 516 regis
922 469 1069 503 sufferre
1092 479 1163 503 non
1181 469 1313 508 valens,
1331 467 1484 501 Romam
1501 469 1657 513 repedia-

357 553 420 587 vit.
463 551 519 586 Ac
544 552 606 586 ubi
631 551 730 596 Papa
751 555 947 586 commotus
970 550 1084 584 voluit
1106 549 1260 584 Scotiam
1287 549 1506 589 interdicere,
1529 550 1660 594 episco-

357 646 424 679 pus
442 634 465 667 J
467 634 623 668 ohannes
642 633 777 677 Papam
795 633 868 666 suis
891 632 1052 677 precibus
1070 632 1263 678 mitigavit,
1283 632 1431 666 mallens
1452 632 1659 666 renunciare

352 715 427 760 juri
449 726 514 749 suo
535 725 643 759 quam
665 725 774 748 unam
795 714 939 747 missam
961 714 1154 758 impedire;
1180 718 1216 747 et
1237 713 1287 747 sic
1307 714 1345 747 in
1362 714 1461 747 curia
1477 714 1661 758 septennio

357 796 465 830 stetit.
520 795 669 829 Interim
692 798 839 828 vacante
862 794 1007 828 ecclesia
1027 793 1282 833 Dunkeldensi,
1300 804 1471 828 consensu
1495 796 1593 840 regio
1616 796 1661 830 ad

358 890 435 913 eam
458 878 649 923 preficitur.
704 876 774 910 Hic
791 876 914 910 divisit
931 876 1097 910 diocesim
1120 875 1420 917 Dunkeldensem,
1441 882 1477 912 et
1498 889 1561 922 per
1584 879 1661 913 lite-

357 971 414 994 ras
432 971 513 994 suas
532 971 553 993 a
571 959 670 1003 Papa
687 957 852 997 obtinuit,
871 961 912 991 ut
930 956 1085 990 Eraldus
1104 956 1181 1002 ejus
1204 958 1405 1001 capellanus
1426 957 1658 1004 Ergadiensis

357 1042 455 1075 fieret
471 1041 664 1086 episcopus.
709 1038 871 1073 Tandem
885 1039 1010 1083 plenus
1025 1038 1219 1072 virtutibus
1233 1038 1271 1072 in
1284 1043 1463 1073 senectute
1481 1039 1573 1074 bona
1587 1051 1661 1075 mo-

358 1125 472 1158 ritur:
500 1123 543 1157 In
567 1123 674 1156 choro
697 1120 937 1156 monasteriali
955 1120 998 1154 de
1017 1119 1236 1160 Newbottill,
1254 1131 1348 1155 anno
1365 1121 1499 1155 domini
1518 1122 1661 1156 millesi-

124 1216 164 1245 A.
183 1216 223 1245 1),
241 1215 331 1246 1203,
359 1218 418 1240 mo
438 1206 678 1240 ducentesimo
695 1205 815 1244 tercio,
837 1208 1026 1248 postquam
1046 1213 1121 1238 xxv
1144 1204 1247 1238 annis
1274 1204 1431 1244 sedisset,
1454 1205 1500 1239 ad
1523 1211 1660 1250 partem

358 1288 532 1321 borealem
555 1286 714 1331 sepultus
732 1289 796 1325 est,
818 1284 879 1318 ubi
897 1285 1006 1318 claret
1027 1285 1228 1319 miraculis:
1255 1284 1368 1331 CuJus
1387 1286 1499 1320 vitam
1522 1288 1661 1331 scripsit

359 1370 560 1404 WVillelmus
583 1368 736 1415 Benyng
757 1368 861 1402 dictae
882 1368 1008 1402 domus
1031 1367 1136 1402 Prior
1160 1372 1282 1412 postea
1305 1367 1427 1403 Abbas
1451 1370 1494 1404 de
1517 1370 1659 1415 Cupro;

352 1454 460 1498 cujus
485 1453 558 1486 divi
583 1451 736 1496 episcopi
762 1462 828 1496 ego
855 1450 999 1484 visitavi
1025 1449 1252 1494 sepulchrum
1278 1450 1344 1484 hoc
1369 1451 1503 1485 habens
1527 1452 1663 1496 epitha-

359 1534 494 1578 phium,
514 1536 534 1551 “
553 1533 677 1566 Presul
696 1532 873 1576 propicius
891 1531 1029 1564 miseris
1048 1542 1212 1564 succurre
1229 1531 1253 1564 J
1255 1532 1422 1572 ohannes,
1441 1533 1513 1572 Qui
1532 1534 1662 1568 crebris

360 1615 484 1659 opibus
511 1614 651 1647 morbos
678 1624 758 1646 cum
789 1612 935 1645 crimine
965 1611 1082 1645 delis.”
1135 1611 1172 1645 Si
1199 1612 1279 1656 quis
1306 1613 1458 1657 amplius
1485 1614 1528 1648 de
1554 1614 1662 1661 hujus

360 1696 472 1730 sancti
495 1695 647 1739 episcopi
666 1694 741 1726 vita
762 1693 931 1737 indagare
949 1693 1112 1732 voluerit,
1135 1693 1230 1737 legat
1248 1693 1406 1727 libellum
1428 1705 1534 1738 quem
1553 1697 1662 1740 scrip-

361 1778 407 1811 sit
431 1787 581 1822 magnus
600 1775 657 1808 ille
676 1774 832 1807 Thomas
852 1773 1004 1807 Lawder
1021 1773 1112 1807 sedis
1130 1773 1299 1817 predictae
1317 1774 1512 1818 episcopus,
1530 1776 1568 1809 in
1590 1787 1663 1811 uno

362 1859 540 1893 volumine
558 1868 637 1891 cum
657 1857 730 1890 vita
749 1855 868 1889 Sancti
887 1854 1071 1889 Columbae
1089 1855 1303 1901 colligatum.
1356 1856 1424 1890 Cui
1442 1859 1608 1893 successit

413 2106 435 2139 J
438 2104 684 2140 OHANNES
703 2103 770 2137 DE
791 2102 1059 2137 LACESTER
1082 2109 1253 2150 cognatus
1272 2104 1381 2151 Regis
1401 2103 1583 2146 Willelmi,
1601 2109 1663 2151 qui

364 2192 550 2233 postquam
569 2188 670 2221 annis
689 2186 850 2220 undecim
870 2185 1029 2229 pontifex
1047 2188 1203 2228 sedisset,
1221 2188 1316 2231 apud
1329 2187 1547 2222 Crawmund
1565 2189 1662 2229 obiit,
