2044 2906
568 404 693 435 VITAE
719 403 1055 435 EPISCOPORUM
1080 401 1510 434 DUNKELDENSIUM.
1627 400 1669 431 45

375 508 543 542 tientibus
562 508 796 553 prebendario
818 509 861 542 de
878 506 994 552 Alyth
1017 512 1052 541 et
1069 507 1259 551 capellano,
1277 506 1315 540 in
1333 505 1428 539 dicta
1444 505 1576 549 capella
1596 515 1674 548 per-

373 594 520 632 petuum
537 589 621 623 fecit
639 590 859 634 capellanum
873 589 1032 633 quotidie
1049 587 1317 626 celebraturum,
1336 587 1604 632 adjutoremque
1622 585 1673 617 vi-

374 671 458 703 carii
485 670 700 714 pensionarii
725 670 817 703 circa
839 669 1040 702 animarum
1066 679 1189 702 curam
1214 672 1250 702 et
1273 668 1434 702 salutem.
1468 666 1671 712 Assignatis

373 751 450 784 ideo
467 750 534 784 sibi
551 750 654 784 dictis
673 750 777 783 terris
795 749 838 782 de
851 748 1108 792 Buchquhane‚
1127 752 1162 782 et
1179 748 1371 782 earundem
1388 748 1531 782 decimis
1548 748 1673 792 praedi—

372 831 485 864 alibus
498 829 741 874 personalibus
755 834 790 863 et
803 829 980 863 universis
998 828 1088 868 aliis,
1103 828 1204 874 cujus
1218 829 1389 873 capellani
1402 828 1670 863 modificationis

371 912 532 946 fundatio
550 912 700 956 desuper
718 911 823 951 facta,
841 911 886 945 ad
903 912 1051 956 longum
1069 914 1231 945 testatur.

424 1076 474 1109 Et
492 1077 572 1110 licet
585 1076 810 1109 inimicorum
823 1075 977 1109 ecclesiae
994 1074 1116 1108 litibus
1131 1078 1332 1118 occupatus,
1346 1078 1382 1108 et
1396 1078 1572 1108 terrarum
1590 1085 1671 1107 con-

369 1157 509 1201 questui
528 1156 744 1196 intendebat,
762 1156 922 1189 decorem
939 1155 1094 1189 ecclesiae
1111 1166 1186 1189 suae
1204 1154 1354 1189 interius
1375 1155 1521 1188 minime
1539 1154 1669 1189 oblitus

369 1242 430 1271 est.
475 1237 598 1271 Primo
616 1248 744 1281 cappas
762 1237 890 1271 sericas
907 1237 1051 1276 multas,
1069 1236 1171 1270 binas
1190 1240 1225 1270 et
1242 1235 1344 1269 binas
1367 1236 1481 1270 colore
1506 1236 1670 1270 concord-

368 1323 478 1358 antes,
496 1318 651 1352 ecclesiae
668 1329 743 1352 suae
757 1318 926 1358 donavit;
945 1322 1016 1351 tres
1034 1317 1078 1351 de
1095 1328 1182 1351 auro
1200 1320 1308 1356 texto,
1327 1317 1482 1351 casulam
1499 1328 1579 1350 cum
1597 1318 1670 1350 dal-

369 1400 498 1433 matica
521 1399 653 1439 tunica,
671 1398 760 1432 albis
778 1398 877 1432 stolis
895 1402 931 1432 et
951 1399 1085 1432 caeteris
1109 1397 1371 1443 pertinentibus
1389 1398 1432 1431 de
1449 1408 1568 1441 panno
1591 1397 1669 1431 albo

369 1492 455 1514 auro
473 1484 582 1519 texto,
600 1484 636 1513 et
653 1480 785 1513 similes
803 1490 866 1523 per
883 1479 1004 1512 omnia
1020 1479 1063 1512 de
1081 1478 1199 1512 blovio
1217 1479 1332 1511 colore
1350 1488 1438 1511 auro
1454 1482 1591 1511 textas:
1618 1482 1670 1511 ta-

370 1561 598 1594 bernaculum
622 1559 750 1605 majori
773 1559 902 1598 altari;
938 1558 1154 1604 anagogium
1180 1568 1319 1591 aeneum
1341 1558 1666 1603 quadripartitum3

368 1642 667 1687 evangelistarum
684 1640 817 1686 figuras
835 1644 1000 1684 quatuor,
1018 1639 1185 1673 ambones
1206 1643 1398 1685 gestantes,
1415 1650 1521 1683 super
1538 1639 1666 1683 quibus

367 1724 521 1756 vicissim
533 1723 672 1756 canitur
684 1722 919 1767 evangelium,
926 1725 1033 1765 prout
1044 1721 1271 1766 evangelistae
1282 1720 1503 1760 intitulatum
1515 1719 1666 1765 figuram

365 1803 484 1847 Moysi
500 1814 636 1836 aeneam
653 1802 839 1836 ambonem
852 1801 1006 1835 brachiis
1020 1805 1198 1835 tenentem
1211 1811 1221 1841 ς
1240 1806 1276 1835 et
1293 1801 1338 1835 ad
1351 1805 1494 1846 tergum
1507 1801 1667 1834 candela-

365 1886 469 1919 brum
482 1895 621 1918 aeneum
631 1885 852 1929 tripartitum
865 1894 875 1924 ;
890 1884 1096 1928 supersellia
1106 1885 1291 1918 stallorum
1303 1884 1401 1917 chori
1412 1884 1574 1928 depinxit
1587 1894 1596 1923 ;
1612 1895 1667 1917 so-

365 1968 453 2000 lium
471 1970 602 2000 sanctae
625 1966 737 1999 crucis
760 1976 840 1999 cum
865 1964 1036 1999 altaribus
1054 1965 1219 1999 divorum
1238 1964 1423 1998 Michaelis
1447 1969 1483 1998 et
1504 1964 1665 2003 Martini,

365 2048 533 2091 chorique
543 2047 703 2080 cancellis
717 2046 874 2080 totaliter
884 2057 978 2080 nova
990 2045 1089 2086 fecit3
1105 2046 1345 2090 apostolorum
1355 2045 1539 2091 ymagines
1552 2047 1664 2090 sculpi

364 2134 399 2162 et
412 2129 630 2172 reliquorum
644 2132 846 2162 sanctorum
859 2132 942 2161 ante
955 2131 991 2161 et
1003 2131 1098 2161 retro
1111 2127 1272 2172 depingi;
1288 2126 1429 2172 Regum
1443 2130 1478 2160 et
1491 2126 1664 2160 nobilium

365 2210 520 2244 ecclesiae
538 2208 802 2243 benefactorum
820 2208 1134 2253 episcoporumque
1152 2208 1335 2254 ymagines
1353 2219 1375 2242 a
1391 2212 1492 2255 tergo
1512 2208 1665 2252 depicto-
