2106 2894
419 353 490 386 122
695 350 963 384 COMPOTUM
984 351 1217 384 MAGISTRI
1239 349 1442 385 FABRICE

419 461 579 506 lapidum
596 462 856 507 quadratorum
881 463 1146 497 continenciam
1161 461 1412 508 septemdecim
1433 464 1566 509 pedum
1593 462 1731 498 mensu-

419 554 497 578 ram
515 547 551 578 et
567 544 719 588 capienti
744 554 810 588 pro
828 542 1015 590 cujussibet
1031 544 1132 589 pedis
1154 542 1320 579 mensura
1334 549 1408 580 tres
1425 545 1590 580 denarios
1608 549 1731 580 exten-

420 625 498 658 den.
522 625 561 658 in
586 625 738 669 pecunia
767 626 812 659 ad
839 603 892 671 ὦ]
912 628 938 660 ἕ.
956 626 995 672 iij
1014 623 1049 660 d.
1101 624 1153 660 Et
1178 626 1352 661 allocatur
1376 627 1491 661 eidem
1516 637 1581 672 per
1603 627 1731 662 libera-

420 707 555 741 cionem
566 706 697 741 factam
711 707 850 752 prefato
863 707 1060 742 Willielmo
1073 708 1112 742 in
1129 708 1326 742 mercedem
1339 707 1394 743 sui
1407 708 1541 743 laboris
1554 709 1730 744 conducto

420 788 464 823 ad
491 788 625 823 dictum
652 799 742 833 opus
767 787 919 823 secundo
944 789 1001 824 die
1028 786 1156 824 menfis
1182 788 1320 834 Aprilis
1347 801 1441 824 anno
1463 796 1522 825 *tc*
1541 792 1577 824 v‘
1594 791 1730 825 decimo

418 871 545 916 quinto
570 882 636 916 pro
661 872 816 906 dimedio
840 872 924 906 anni
948 872 1102 917 capienti
1122 872 1161 906 in
1185 872 1288 907 feodo
1306 877 1385 907 octo
1402 873 1462 907 lib.
1480 872 1539 908 sex
1549 872 1677 908 solidos
1695 878 1731 909 et

419 957 498 987 octo
517 953 679 987 denarios
697 958 733 987 et
750 954 973 988 continuanti
992 954 1037 988 ad
1055 953 1258 999 hujusmodi
1284 966 1374 999 opus
1399 966 1464 999 per
1487 956 1602 989 decim
1627 955 1732 1000 septi-

419 1044 542 1068 manas
567 1038 602 1068 et
623 1045 735 1067 unum
754 1034 848 1068 diem
866 1034 904 1080 iij
924 1034 961 1067 li.
980 1044 1031 1068 xv
1047 1036 1073 1068 ἕ.
1091 1012 1144 1080 111]
1163 1032 1199 1068 d.
1249 1033 1303 1069 Et
1329 1036 1502 1070 allocatur
1527 1036 1642 1070 eidem
1667 1047 1732 1082 per

419 1116 666 1150 liberacionem
683 1116 817 1151 factam
834 1116 858 1150 J
860 1116 993 1151 ohanni
1013 1115 1194 1163 Merlgone
1208 1117 1332 1152 latimo
1346 1118 1385 1152 in
1398 1119 1596 1152 mercedem
1610 1117 1663 1153 sui
1681 1120 1732 1154 la-

422 1198 517 1233 boris
535 1199 708 1233 conducto
727 1199 863 1233 decimo
877 1203 1006 1244 quarto
1023 1199 1080 1233 die
1097 1196 1226 1233 menfis
1244 1199 1334 1245 Maij
1350 1211 1443 1234 anno
1458 1204 1517 1234 *tc*
1530 1202 1566 1234 ve
1582 1200 1655 1234 xv‘0
1666 1212 1732 1246 pro

419 1281 531 1315 decim
549 1279 668 1315 solidis
693 1282 731 1315 111
757 1279 954 1326 septimana
970 1285 1006 1315 et
1023 1281 1246 1316 continuanti
1273 1282 1319 1316 ad
1343 1281 1549 1328 hujusmodi
1574 1294 1664 1328 opus
1690 1284 1729 1318 in

419 1368 583 1398 octavum
603 1363 769 1398 Octobris
788 1363 945 1409 ejusdem
965 1364 1050 1398 anni
1075 1364 1260 1398 extenden.
1278 1364 1325 1398 ad
1342 1364 1474 1410 viginti
1494 1375 1609 1399 unum
1625 1364 1731 1410 septi-

419 1458 542 1481 manas
560 1457 584 1480 x
602 1448 638 1481 li.
654 1458 679 1480 x
697 1449 722 1480 ἔ.
774 1445 826 1480 Et
843 1447 957 1480 eidem
976 1445 999 1480 J
1001 1446 1133 1480 ohanni
1151 1458 1171 1481 a
1189 1446 1284 1481 dicto
1301 1451 1427 1481 octavo
1443 1447 1500 1481 die
1517 1445 1644 1482 menfis
1662 1447 1731 1482 Oc-

420 1528 530 1563 tobris
548 1526 716 1563 inclusive
734 1529 876 1563 noviter
893 1529 1068 1563 conducto
1086 1529 1131 1563 ad
1149 1529 1285 1563 dictum
1299 1540 1389 1574 opus
1407 1530 1446 1563 in
1463 1530 1616 1564 eundem
1634 1530 1729 1564 diem

421 1622 515 1645 anno
532 1613 694 1646 revoluto
711 1613 865 1657 capienti
892 1623 956 1657 per
981 1623 1117 1646 annum
1142 1612 1181 1646 in
1206 1612 1405 1646 mercedem
1423 1610 1476 1646 sui
1493 1613 1625 1647 laboris
1651 1618 1730 1648 octo

420 1694 533 1728 decim
564 1694 625 1727 lib.
653 1694 691 1727 ix
716 1697 742 1728 ἔ.
794 1693 845 1728 Et
875 1695 1048 1728 allocatur
1077 1694 1190 1728 eidem
1222 1705 1286 1739 per
1316 1694 1566 1729 liberacionem
1595 1694 1727 1730 factam

419 1775 443 1809 J
445 1776 578 1810 ohanni
596 1775 851 1822 Cunynghaim
874 1776 1024 1810 lathimo
1048 1777 1087 1810 in
1109 1777 1306 1810 mercedem
1328 1775 1381 1810 sui
1405 1776 1536 1810 laboris
1555 1777 1729 1811 conducto
1758 1792 1760 1794 ·

420 1859 557 1893 decimo
572 1863 703 1904 quarto
720 1859 777 1892 die
795 1855 922 1892 mensis
941 1857 1030 1903 Maij
1051 1868 1145 1892 anno
1163 1863 1223 1891 '²¹:0⁴
1242 1859 1278 1892 vc
1294 1856 1368 1892 xv‘⁰
1390 1869 1456 1902 pro
1479 1856 1538 1892 sex
1556 1856 1675 1892 solidis
1693 1864 1728 1893 et

421 1946 500 1976 octo
518 1941 672 1975 denariis
693 1941 731 1975 in
754 1939 950 1985 septimana
973 1945 1009 1974 et
1031 1940 1254 1975 continuanti
1278 1940 1324 1974 ad
1349 1938 1553 1986 hujusmodi
1578 1951 1667 1985 opus
1691 1941 1729 1975 in

420 2029 586 2059 octavum
612 2023 778 2058 Octobris
803 2021 958 2069 ejusdem
989 2024 1074 2062 anni
1104 2020 1278 2057 exclufive
1307 2023 1492 2058 extenden.
1520 2024 1565 2057 ad
1597 2024 1727 2070 viginti

421 2118 532 2141 unum
549 2105 761 2151 septimanas
779 2106 828 2152 vij
848 2106 885 2140 li.
938 2105 990 2140 Et
1006 2105 1121 2140 eidem
1137 2105 1161 2139 J
1163 2105 1296 2140 ohanni
1315 2105 1568 2151 Cunynghaim
1587 2107 1729 2141 noviter

421 2190 593 2224 conducto
620 2189 715 2224 dicto
743 2193 868 2223 octavo
896 2189 953 2223 die
980 2185 1107 2223 menfis
1138 2188 1304 2224 Octobris
1335 2189 1380 2223 ad
1411 2188 1548 2223 dictum
1575 2200 1665 2234 opus
1690 2189 1728 2223 in
