2044 2906
380 406 423 439 36
550 405 676 437 VITAE
702 403 1038 436 EPISCOPORUM
1061 402 1494 435 DUNKELDENSIUM.

384 515 558 556 Andreas,
569 526 687 550 coram
698 515 829 549 eisdem
840 514 1043 549 consulibus
1053 517 1327 559 proposuerunt,
1339 512 1474 546 dictum
1479 510 1681 547 Walterum

384 597 536 631 Stewart
560 595 773 641 approbasse
799 599 835 629 et
860 594 1051 629 ratificasse
1071 594 1192 629 omnia
1214 594 1355 628 decreta
1379 598 1503 628 contra
1527 604 1621 634 eum,
1643 594 1682 628 in

383 678 540 712 favorem
557 677 642 711 dicti
654 676 679 710 J
680 676 779 710 acobi
795 677 879 717 lata,
896 686 1032 710 necnon
1049 675 1345 721 appretiationem
1359 679 1395 709 et
1408 674 1683 710 infeodationem

383 759 634 804 praedictarum
654 763 832 793 terrarum
855 758 938 792 inde
961 762 1121 798 secutas3
1152 755 1398 804 obligasseque
1423 768 1460 791 se
1483 761 1519 792 et
1539 757 1684 792 heredes

384 850 466 874 suos
482 840 521 874 in
534 840 751 874 contrarium
768 850 840 873 non
853 838 1029 879 devenire,
1046 838 1113 872 sub
1130 849 1236 883 poena
1251 838 1348 873 mille
1365 849 1564 873 mercarum
1580 848 1588 873 z
1609 839 1685 873 Ad-

384 932 453 965 que
469 921 600 955 dictam
627 931 730 955 suam
752 919 986 954 intentionem
1003 919 1235 964 probandam,
1253 920 1324 953 duo
1343 920 1582 955 instrumenta
1603 931 1684 966 pro-

385 1002 498 1041 duxit,
530 1002 641 1048 signis
671 1006 707 1035 et
741 1000 1061 1046 subscriptionibus
1091 999 1267 1034 Willelmi
1298 1000 1417 1046 Barry
1446 1005 1483 1035 et
1509 1001 1534 1035 J
1535 1002 1686 1036 ohannis

386 1082 567 1129 Kowgask
584 1083 786 1128 subscripta
802 1087 838 1117 et
855 1082 1018 1128 signata3
1037 1093 1118 1127 quae
1136 1082 1369 1127 improbanda
1386 1083 1538 1118 civiliter
1554 1085 1686 1130 magis-

386 1169 439 1198 ter
455 1164 479 1198 J
481 1164 608 1199 acobus
623 1164 860 1198 Hendersoun
874 1163 984 1210 Regis
1002 1168 1038 1198 et
1054 1164 1139 1198 dicti
1156 1163 1181 1197 J
1182 1164 1331 1198 ohannis
1350 1165 1553 1205 advocatus,
1570 1177 1607 1200 se
1625 1166 1685 1200 ob-

386 1245 489 1286 tulit3
515 1250 550 1280 et
573 1257 592 1280 e
613 1245 790 1280 contrario
813 1245 858 1279 ad
878 1245 1158 1291 recognoscenda
1181 1250 1216 1280 et
1237 1245 1450 1280 verificanda
1469 1246 1531 1280 illa
1551 1247 1684 1287 eadem,

386 1328 470 1362 dicti
483 1327 636 1362 Jacobus
653 1332 689 1362 et
701 1326 865 1361 Andreas
882 1327 1076 1362 terminum
1093 1327 1143 1362 eis
1160 1327 1298 1373 praefigi
1315 1328 1553 1372 postularunt.
1580 1328 1685 1363 Tunc

386 1410 544 1444 consules
555 1409 716 1454 praedicti
728 1414 862 1444 certum
874 1409 1152 1454 peremptorium
1163 1410 1356 1444 terminum
1362 1410 1506 1455 utrique
1516 1410 1684 1455 partium,

386 1492 431 1525 ad
453 1492 645 1536 respective
662 1492 901 1525 instrumenta
920 1490 1103 1535 probanda
1123 1495 1159 1525 et
1179 1491 1412 1536 improbanda
1432 1492 1683 1538 assigna-unu

386 1577 421 1606 et
443 1572 529 1607 dum
548 1576 696 1606 ventum
722 1576 776 1606 est
801 1571 847 1605 ad
868 1571 1014 1606 testium
1037 1572 1076 1606 in
1098 1582 1204 1606 causa
1229 1572 1509 1617 productionem,
1532 1574 1684 1608 relatum

387 1657 450 1692 est,
472 1653 791 1687 instrumentorum
810 1653 931 1686 datam
954 1657 1034 1697 post
1056 1657 1208 1687 mortem
1226 1653 1311 1687 dicti
1334 1654 1515 1699 quondam
1531 1653 1684 1689 WValteri

387 1733 506 1767 fuisse.
541 1733 660 1779 Magis
676 1733 841 1767 timentes
858 1733 965 1767 iidem
981 1732 1006 1767 J
1007 1733 1135 1768 acobus
1153 1738 1189 1768 et
1201 1732 1376 1775 Andreas,
1394 1739 1429 1769 et
1442 1735 1486 1769 de
1503 1746 1609 1770 causa
1625 1737 1684 1770 de-

389 1819 581 1860 sperantes,
598 1814 774 1848 voluntati
798 1814 885 1848 dieti
908 1814 1095 1859 pontificis,
1119 1826 1273 1849 unacum
1291 1815 1455 1850 Johanne
1482 1816 1618 1862 Retray
1643 1818 1687 1852 de

390 1897 511 1931 eodem
528 1896 652 1936 milite,
675 1900 711 1930 et
732 1894 886 1941 Georgio
904 1895 1050 1936 Brown,
1068 1895 1331 1931 Dunkeldensis
1349 1898 1502 1932 ecclesiae
1519 1899 1687 1933 cancella-

389 1979 453 2018 rio,
471 1982 641 2022 tanquam
661 1977 775 2012 eidem
792 1976 1040 2017 assessoribus,
1057 1988 1094 2011 se
1112 1978 1364 2012 submiserunt.
1403 1978 1460 2013 Sic
1477 1980 1608 2014 omissa
1624 1980 1686 2015 lite

391 2060 428 2093 in
454 2059 552 2093 curia
578 2059 687 2105 regia,
715 2059 935 2103 aliquamdiu
963 2059 1144 2105 litigatum
1172 2063 1236 2100 est,
1264 2071 1381 2094 coram
1405 2061 1499 2095 dicto
1526 2062 1686 2096 antistite

391 2139 543 2186 Georgio
564 2144 599 2174 et
621 2140 694 2174 suis
718 2139 973 2179 assessoribus3
998 2145 1222 2184 comparente
1239 2141 1333 2176 dicto
1350 2141 1514 2177 Johanne
1532 2142 1684 2177 Stewart

390 2232 453 2266 per
469 2232 517 2261 se,
535 2225 571 2255 et
583 2225 847 2266 procuratorem
865 2231 970 2255 suum
983 2220 1166 2255 Andream
1179 2222 1363 2257 dominum
1377 2222 1486 2268 Gray,
1504 2223 1571 2258 sub
1584 2224 1685 2270 cujus
