2044 2906
347 387 389 418 68
531 385 656 416 VITAE
682 383 1020 416 EPISCOPORUM
1044 381 1478 415 DUNKELDENSIUM.

403 577 814 613 PRAEBENDARIUS
838 578 881 611 de
898 576 1157 616 Ferdischawe,
1178 576 1344 610 dominus
1364 574 1388 609 J
1390 575 1549 609 ohannes
1577 574 1655 608 Ste-

351 661 472 705 phani,
490 661 624 694 musica
644 664 680 694 et
697 670 913 706 organorum
934 659 1015 693 lusu
1032 658 1204 693 excellens
1220 668 1230 698 ;
1257 657 1314 691 vir
1335 657 1528 697 honestus3
1551 666 1658 701 prop-

353 747 459 782 terea,
477 746 512 776 et
529 742 690 787 praedicti
708 741 930 786 prebendarii
948 741 991 774 de
1008 739 1112 774 Alith
1135 740 1352 780 interventu,
1370 750 1434 784 per
1452 738 1656 784 Georgeum

353 824 566 869 episcopum,
585 824 622 857 in
639 822 927 868 praebendarium
944 823 987 856 ‹le
1005 821 1253 856 Ferdischawe
1270 825 1479 866 promotus3
1507 821 1655 854 domum

353 906 391 939 in
417 905 485 939 fine
507 905 660 939 ecclesiae
684 904 803 938 Sancti
828 903 990 949 Georgei,
1008 914 1074 948 pro
1097 903 1344 948 praebendario
1366 914 1430 947 per
1454 902 1656 948 Georgeum

354 987 555 1031 episcopum
579 990 828 1026 constructam,
853 985 1043 1030 reparavit,
1065 990 1263 1029 caeteraque
1290 984 1440 1019 aedificia
1463 985 1659 1018 mansionis

355 1069 449 1102 illius
471 1080 492 1102 a
509 1067 750 1103 fundamentis
772 1068 885 1102 erexit
902 1068 1048 1102 honeste
1064 1078 1074 1108 3
1101 1072 1137 1102 et
1154 1068 1236 1101 licet
1254 1068 1340 1101 dum
1359 1072 1435 1102 erat
1458 1068 1660 1112 capellanus

355 1150 398 1183 de
413 1149 530 1189 Inver,
544 1161 588 1183 ex
601 1150 746 1194 capituli
758 1150 991 1195 indulgentia,
1003 1160 1068 1194 pro
1082 1160 1157 1183 suae
1173 1149 1290 1183 aetatis
1305 1153 1341 1183 et
1354 1149 1484 1183 laboris
1498 1160 1661 1183 reveren-

355 1232 417 1270 tia,
435 1242 456 1264 a
473 1231 659 1265 matutinis
682 1231 802 1265 abesse
821 1230 966 1271 solebat,
987 1231 1024 1265 in
1047 1231 1256 1265 canonicum
1274 1231 1423 1265 dilectus
1441 1241 1522 1265 raro
1540 1230 1660 1265 abesse

356 1318 500 1347 notatus
518 1318 580 1347 est.

408 1475 534 1509 POST
552 1477 800 1511 canonicorum
812 1477 1031 1516 memoriam,
1046 1477 1108 1521 qui
1126 1482 1162 1510 et
1175 1477 1330 1521 episcopi
1345 1476 1551 1510 Cardinales
1565 1482 1660 1516 sunt,

358 1569 429 1592 non
448 1558 492 1592 ab
503 1569 540 1592 re
558 1569 643 1597 esse,
657 1559 700 1592 de
717 1570 839 1592 eorum
855 1558 1007 1598 vicariis,
1021 1558 1083 1603 qui
1102 1569 1191 1592 onus
1206 1558 1275 1592 diei
1294 1562 1330 1592 et
1347 1562 1458 1592 aestus
1476 1562 1660 1603 portantes

355 1640 492 1685 jugiter
513 1640 656 1674 domino
679 1639 910 1679 famulantur,
932 1640 1068 1685 aliquid
1089 1639 1221 1674 referre
1242 1640 1378 1685 scriptu
1401 1641 1564 1686 dignum,
1585 1652 1658 1674 me-

361 1732 441 1755 cum
453 1722 622 1766 perpendi
636 1732 645 1761 ;
664 1732 776 1766 quum
791 1733 835 1755 ex
848 1722 998 1755 tantillis
1012 1721 1173 1756 laborum
1188 1722 1375 1766 stipendiis
1394 1727 1541 1756 caeteros
1559 1724 1661 1769 regni

361 1803 557 1847 capellanos
575 1803 806 1846 praecellunt:
831 1804 899 1836 viz.
919 1803 1095 1837 Dominus
1114 1803 1317 1848 Stephanus
1335 1803 1453 1850 Yong,
1474 1808 1604 1838 natura
1626 1810 1660 1839 et

362 1885 602 1929 complexione
626 1885 786 1919 virorum
808 1885 1098 1930 jocundissimus,
1123 1886 1314 1919 advocatus
1340 1886 1604 1926 consistorialis,
1627 1892 1661 1920 et

362 1967 516 2001 chorista
533 1967 571 2000 in
588 1973 695 2000 cantu
712 1965 847 2006 firmus,
870 1970 907 2000 et
929 1966 1108 2001 ordinario
1125 1967 1281 2001 multum
1305 1971 1483 2012 expertus.
1526 1967 1662 2014 Magis-

363 2053 416 2082 ter
426 2048 449 2081 J
452 2048 607 2082 ohannes
620 2047 834 2088 Pennicuke,
844 2048 1571 2094 grammaticam,logicam,philos0phiam,
1585 2061 1663 2084 mu-

361 2130 480 2168 sicam,
487 2130 617 2174 jusque
628 2130 995 2170 canonicum,doctus;
1010 2129 1246 2164 choristarum
1259 2131 1433 2172 columna,
1445 2136 1480 2166 et
1490 2131 1660 2166 horarum

361 2212 607 2245 canonicarum
627 2212 769 2245 sedulus
787 2211 1002 2251 observator,
1016 2212 1233 2246 domicilium
1248 2212 1384 2253 fovens,
1402 2219 1552 2248 matrem
1571 2215 1662 2247 mul-
