2106 2894
693 407 863 441 PONTIS
885 406 1258 440 DUNKELDENSIS.
1552 411 1622 442 115

319 520 401 554 cimi
427 520 544 565 quinti
569 520 607 554 in
630 520 724 555 diem
750 531 800 555 xx
826 520 1043 566 Septembris
1067 531 1160 554 anno
1178 525 1238 554 *tc*
1256 521 1292 554 ν’ε
1308 517 1382 553 xv‘0
1398 519 1442 553 de
1465 519 1622 563 quinque

318 602 443 636 celdrin
461 608 497 636 et
513 602 650 637 duobus
668 602 760 637 batis
786 601 838 637 Et
854 600 901 637 fic
918 613 1006 647 eque
1025 602 1068 636 de
1086 602 1209 637 avenis

370 846 609 882 EXPENSE
634 847 806 894 Ejusdem
823 848 866 882 de
883 847 1048 894 Argento
1092 847 1136 881 In
1153 847 1279 892 primis
1297 848 1470 882 allocatur
1488 858 1628 893 compo-

321 930 413 964 tanti
424 930 462 963 in
480 930 698 974 empcionem
712 930 824 964 trium
837 930 1036 964 celdrarum
1049 928 1180 974 septem
1194 929 1371 964 bollarum
1384 930 1538 964 duorum
1555 941 1630 979 mg-

324 1011 461 1045 diorum
483 1015 518 1045 et
536 1012 688 1046 duorum
713 1011 878 1046 batorum
899 1022 1094 1046 avenarum
1114 1022 1179 1056 per
1201 1016 1341 1056 tempus
1365 1012 1519 1057 compoti
1537 1013 1628 1058 varij

323 1093 430 1138 precij
450 1094 634 1127 extenden.
653 1094 691 1127 in
708 1094 810 1128 totali
827 1093 977 1138 pecunia
994 1094 1039 1128 ad
1051 1094 1116 1139 xiij
1135 1094 1173 1128 li.
1189 1094 1227 1140 xj
1249 1096 1275 1128 3.
1293 1094 1328 1140 vj
1341 1106 1359 1139 3
1376 1092 1410 1128 d.
1436 1094 1489 1129 Et
1506 1096 1631 1130 alloca-

325 1181 385 1210 tur
402 1177 516 1210 eidem
534 1187 597 1220 per
615 1176 864 1210 liberacionem
881 1177 1013 1211 factam
1032 1176 1213 1222 Stephano
1231 1176 1409 1223 Lindesay
1426 1179 1632 1213 conductori

325 1267 513 1291 arenarum
538 1268 602 1301 per
623 1262 764 1302 tempus
781 1258 935 1302 compoti
960 1269 1026 1303 pro
1043 1262 1199 1303 quatuor
1222 1259 1380 1293 millibus
1404 1257 1631 1306 septingintis

325 1339 457 1384 septem
475 1339 641 1373 oneribus
655 1350 844 1373 arenarum
862 1340 981 1384 precio
999 1340 1115 1374 oneris
1134 1340 1261 1375 obulus
1275 1342 1460 1376 extenden.
1474 1342 1511 1376 in
1530 1353 1635 1386 pecu-

327 1423 386 1455 nia
403 1422 448 1455 ad
466 1422 502 1467 xj
522 1423 559 1455 li.
573 1422 661 1468 xviij
683 1424 708 1456 3.
727 1419 796 1456 vd.
848 1421 899 1456 Et
917 1422 1090 1456 allocatur
1103 1423 1216 1456 eidem
1234 1433 1300 1468 pro
1317 1424 1483 1458 ductione
1500 1423 1636 1458 confec-

328 1504 424 1537 tione
442 1507 479 1536 et
504 1500 725 1548 impofitione
748 1504 785 1537 in
809 1504 904 1538 redis
923 1504 1054 1550 viginti
1071 1505 1225 1539 duorum
1243 1503 1291 1538 lie
1307 1503 1440 1539 extreis
1457 1506 1492 1552 vj
1513 1509 1539 1540 3.
1557 1507 1582 1552 ij
1601 1505 1635 1541 d.

330 1585 380 1620 Et
403 1597 468 1630 pro
485 1585 700 1619 correctione
722 1585 830 1620 unius
849 1586 1019 1631 amphore
1042 1585 1235 1621 sementive
1255 1598 1320 1632 pro
1346 1588 1521 1632 portanda
1544 1599 1638 1633 aqua

329 1749 377 1785 lie
395 1748 528 1784 extreis
546 1761 571 1784 x
587 1748 622 1784 d.
674 1749 726 1784 Et
743 1750 916 1785 allocatur
936 1751 1051 1785 eidem
1076 1762 1140 1796 per
1163 1751 1409 1786 liberationem
1427 1751 1558 1785 factam
1576 1751 1600 1785 J
1601 1763 1638 1785 o-

329 1833 439 1866 hanni
459 1832 540 1866 Fud
558 1832 621 1866 uni
639 1830 862 1877 Aurigarum
884 1843 906 1865 a
922 1830 1011 1866 festo
1027 1832 1288 1876 purificacionis
1309 1830 1502 1867 beatiffime
1520 1833 1641 1879 Virgi-

330 1916 386 1950 nis
406 1914 520 1949 Marie
538 1925 632 1948 anno
651 1919 710 1948 *tc*
729 1915 765 1948 vc
782 1914 918 1948 decimo
935 1918 1064 1959 quarto
1086 1915 1125 1948 in
1148 1915 1242 1948 diem
1266 1912 1475 1961 vigefimum
1502 1914 1640 1950 sextum

333 1997 547 2031 Novembris
566 2008 659 2031 anno
678 2002 737 2031 *tc*
757 1998 792 2031 v⁰
809 1995 882 2031 xv⁰⁰
898 1994 1073 2031 exclufive
1091 1997 1225 2041 capien.
1247 2008 1311 2041 per
1334 2008 1468 2032 annum
1491 1999 1643 2042 quadra-

334 2080 434 2124 ginta
446 2077 573 2113 solidos
587 2085 623 2113 et
640 2080 801 2114 modium
815 2079 951 2114 farrine
969 2079 1008 2113 in
1025 2077 1221 2124 septimana
1237 2077 1330 2113 xxx‘j
1342 2082 1367 2113 3.
1419 2079 1471 2114 Et
1485 2079 1509 2112 J
1511 2080 1643 2113 ohanni

335 2160 489 2194 Stewart
506 2160 609 2194 alteri
627 2161 834 2207 aurigarum
853 2172 917 2206 per
930 2161 1024 2195 idem
1039 2166 1180 2207 tempus
1198 2162 1331 2206 capien.
1349 2162 1387 2195 in
1401 2159 1596 2205 septimana
1609 2167 1644 2195 et

334 2242 371 2275 in
390 2252 483 2276 anno
500 2246 541 2275 ut
560 2241 640 2276 Fud
657 2241 750 2276 xxx2¹
761 2245 786 2276 ἔ.
838 2242 889 2277 Et
906 2244 1079 2278 allocatur
1096 2244 1209 2278 eidem
1226 2254 1290 2287 per
1310 2243 1556 2278 liberacionem
1576 2243 1646 2277 fac-
