2106 2894
401 345 472 381 136
695 344 966 377 COMPOTUM
988 343 1222 377 MAGISTRI
1243 344 1447 378 FABRICE

400 454 497 490 sexto
513 457 574 502 xvj
595 459 621 490 ἔ.
672 455 811 513 Etpro
834 456 937 490 firma
959 454 1089 490 stabuli
1112 454 1279 501 Magistri
1296 455 1493 490 Alexandri
1514 454 1620 499 Myln
1637 452 1712 488 offi-

401 538 499 572 cialis
525 550 569 573 ex
594 542 695 583 parte
723 537 855 572 boreali
881 548 972 582 aque
993 537 1030 571 in
1049 538 1194 571 civitate
1211 537 1428 572 Dunkelden
1452 535 1644 572 constructi
1667 535 1711 569 de

401 624 556 665 quatuor
581 620 743 655 terminis
769 620 835 665 vi3.
853 617 1024 654 festorum
1042 617 1270 654 Pentecostes
1296 624 1332 654 et
1355 619 1477 654 Sancti
1501 618 1650 653 Mertini
1674 618 1713 652 in

403 703 530 748 hyeme
547 703 585 737 in
603 714 696 737 anno
715 707 774 737 *ze*
794 703 830 736 v‘
847 702 920 736 wi
971 701 1023 736 Et
1039 702 1083 736 de
1101 700 1231 736 eisdem
1249 702 1411 736 terminis
1428 700 1599 736 festorum
1621 700 1715 735 Pen-

401 782 548 818 tecostes
565 789 601 818 et
618 783 739 818 Sancti
758 784 908 818 Mertini
925 783 963 817 in
981 794 1075 817 anno
1093 784 1128 816 vc
1146 781 1379 817 decimosexto
1396 762 1448 829 ii’irj
1468 784 1505 817 li.
1557 782 1608 817 Et
1628 783 1713 816 allo-

402 871 504 901 catur
521 867 635 901 eidem
653 867 692 900 in
710 866 929 910 empcionem
947 866 1106 910 quinque
1124 865 1300 899 bellarum
1317 865 1451 899 farrine
1477 877 1542 910 pro
1559 865 1712 910 panibus

404 948 547 982 verudis
572 946 752 992 pinsandis
777 958 842 991 per
867 951 1008 990 tempus
1034 946 1189 990 compoti
1218 947 1332 991 xxxiij
1359 949 1384 980 ἔ.
1408 925 1460 991 iiij
1485 944 1519 979 d.
1570 945 1621 980 Et
1647 957 1713 991 pro

402 1028 538 1075 pistura
556 1030 746 1064 earundem
771 1029 809 1074 iij
830 1031 855 1062 ἔ.
875 1029 910 1074 vj
930 1026 964 1061 d.
1016 1027 1067 1062 Et
1085 1029 1259 1062 allocatur
1277 1028 1392 1062 eidem
1409 1039 1475 1073 pro
1493 1028 1713 1063 confectione

404 1117 439 1147 et
455 1112 670 1158 purgacione
688 1111 819 1157 viginti
833 1111 986 1144 duorum
1005 1108 1053 1144 lie
1056 1108 1176 1154 filleis
1192 1111 1360 1145 redarum
1378 1111 1454 1157 xxij
1473 1109 1508 1145 d.
1559 1111 1611 1146 Et
1629 1113 1715 1146 allo-

404 1200 505 1230 catur
529 1195 644 1229 eidem
669 1205 732 1239 per
757 1194 1006 1227 liberacionem
1032 1193 1164 1227 factam
1187 1192 1395 1227 Alexandro
1419 1193 1566 1238 Smytht
1583 1194 1622 1228 in
1640 1194 1716 1229 Slo-

402 1277 559 1324 gynhole
577 1277 750 1311 conducto
768 1277 977 1310 duodecimo
995 1276 1051 1310 die
1069 1273 1196 1310 menfis
1214 1276 1303 1322 Maij
1324 1287 1417 1311 anno
1436 1281 1495 1311 ‘²tco
1512 1279 1547 1311 vc
1564 1277 1717 1311 decimo-

403 1359 501 1394 sexto
524 1370 590 1404 pro
614 1358 831 1394 confectione
857 1364 893 1393 et
919 1359 1082 1393 acutione
1108 1358 1286 1393 serrorum
1312 1359 1468 1405 lapicidij
1497 1360 1535 1393 in
1561 1360 1713 1394 eundem

407 1443 499 1476 diem
519 1453 613 1476 anno
627 1442 791 1476 revoluto
804 1433 957 1486 capienti
972 1452 1035 1486 per
1049 1452 1182 1475 annum
1194 1442 1433 1487 quadraginta
1445 1440 1572 1476 solidos
1585 1439 1678 1476 xxx*
1690 1445 1715 1477 ἔ.

405 1530 440 1559 et
466 1526 503 1559 in
538 1525 757 1570 empcionem
783 1525 891 1558 unius
917 1524 1006 1558 libre
1027 1522 1144 1568 flolcis
1168 1525 1193 1570 ij
1223 1522 1257 1558 d.
1326 1523 1378 1558 Et
1405 1536 1468 1569 per
1498 1526 1716 1570 empcionem

405 1608 512 1642 unius
533 1605 617 1654 gad
638 1607 723 1642 ferri
749 1619 815 1652 pro
840 1605 888 1641 lie
913 1604 1052 1651 baschi-5·
1077 1607 1302 1641 conficiendis
1328 1607 1364 1652 vj
1388 1610 1413 1642 ἔ.
1466 1606 1518 1642 Et
1544 1609 1716 1642 allocatur

406 1692 518 1725 eidem
537 1702 601 1735 per
617 1691 864 1725 liberacionem
884 1691 1016 1725 factam
1034 1691 1138 1725 certis
1156 1690 1382 1736 garcionibus
1396 1691 1435 1724 in
1448 1688 1595 1725 diverfis
1609 1702 1717 1737 nego-

408 1774 470 1808 ciis
498 1774 543 1808 ad
569 1772 772 1818 hujusmodi
798 1784 887 1817 opus
914 1774 979 1818 vi3.
998 1773 1224 1807 trahentibus
1249 1774 1348 1818 ligna
1373 1774 1461 1807 alias
1487 1771 1534 1807 lie
1559 1772 1671 1807 reikis
1696 1786 1717 1808 a

408 1857 545 1903 Capeth
563 1861 598 1891 et
616 1857 714 1902 ligna
727 1867 792 1900 pro
806 1855 1024 1890 confectione
1037 1856 1164 1889 domus
1177 1855 1410 1889 lathimorum
1424 1853 1532 1889 miffis
1546 1857 1590 1890 ad
1606 1856 1717 1890 Perth

407 1951 473 1985 pro
495 1937 542 1973 lie
558 1937 651 1972 bran
674 1949 715 1972 ac
738 1937 948 1983 vigilacione
974 1937 1191 1971 verudorum
1218 1948 1282 1981 per
1307 1937 1506 1982 quindecim
1535 1942 1656 1972 noctes
1683 1944 1718 1973 et

408 2018 516 2056 miffis
540 2022 585 2055 ad
610 2021 733 2065 Fordy
750 2025 785 2054 et
804 2019 976 2054 Stantone
995 2017 1141 2053 diversis
1159 2019 1296 2053 vicibus
1314 2031 1380 2064 pro
1398 2020 1529 2064 pabulo
1547 2032 1588 2055 ac
1605 2021 1719 2055 homi-

409 2103 513 2139 nibus
536 2101 771 2138 trahentibus
786 2102 885 2148 ligna
908 2113 975 2146 pro
998 2099 1046 2135 lie
1070 2099 1255 2147 brandeyr
1276 2102 1314 2135 in
1335 2100 1541 2137 eschalentis
1559 2108 1594 2137 et
1611 2115 1720 2148 pocu-

409 2186 514 2220 lentis
531 2185 644 2230 xxviij
666 2186 691 2217 ἔ.
709 2162 761 2229 iiij
778 2195 795 2228 3
813 2181 847 2217 d.
891 2182 942 2217 Et
961 2184 1133 2217 allocatur
1151 2183 1370 2229 compotanti
1388 2194 1451 2228 per
1469 2184 1718 2220 liberacionem
