2044 2906
1038 396 1069 424 11

398 506 564 546 officialis,
576 510 611 540 et
622 506 773 539 decanus
785 503 1065 538 Christianitatis
1077 504 1114 537 in
1127 502 1289 547 partibus
1300 501 1579 548 Angusiarum,”
1590 507 1704 544 antea,

397 604 550 638 ecclesiae
576 602 840 638 Aberdonensis
866 602 1056 636 canonicus
1087 601 1197 635 fuisse
1223 601 1389 635 traditur.
1441 601 1522 641 Quo
1547 605 1705 646 tempore

396 702 511 735 sedem
532 700 724 734 mutaverit
743 699 839 733 haud
857 700 943 734 satis
960 700 1096 744 liquet:
1123 704 1262 734 constat
1275 704 1394 734 tamen
1413 711 1457 734 ex
1475 701 1589 734 veteri
1607 711 1702 734 com-

397 803 565 844 putorum
590 798 682 832 libro
709 799 932 843 episcopatus
964 798 1240 839 Dunkeldensis,
1267 810 1347 832 eum
1378 799 1487 844 hujus
1518 799 1704 834 dioeceseos

398 897 667 943 prebendarium
689 898 766 942 jam
790 896 900 931 fuisse
924 908 1017 931 anno
1040 898 1148 937 1505,
1175 908 1286 942 eoque
1307 908 1411 937 anno,
1433 909 1552 932 mense
1572 897 1703 942 Aprili,

396 996 547 1030 officium
568 996 760 1029 decanatus
777 995 907 1029 ruralis
926 996 1132 1039 suscepisse.

447 1094 554 1128 Hisce
568 1093 774 1128 muneribus
792 1094 844 1127 ita
856 1093 1000 1127 functus
1014 1097 1079 1133 est,
1093 1097 1135 1127 ut
1148 1093 1279 1139 dignus
1294 1094 1341 1127 sit
1355 1093 1499 1128 habitus
1517 1095 1592 1139 qui,
1611 1106 1704 1129 anno

398 1191 503 1233 1516,
522 1192 731 1226 Monasterii
746 1192 1004 1237 Augustiniani
1023 1191 1142 1225 Beatae
1156 1191 1319 1237 Virginis
1332 1193 1375 1226 de
1388 1192 1704 1227 Cambuskenneth

393 1290 516 1325 Abbas
539 1291 797 1336 designaretur,
819 1291 857 1323 in
880 1290 996 1323 locum
1015 1288 1161 1323 Patricii
1184 1289 1342 1330 Painter,
1367 1290 1477 1336 Regis
1504 1290 1702 1331 secretarii,

391 1390 453 1434 qui
467 1389 670 1423 valetudine
687 1389 851 1422 laborans
870 1399 891 1421 a
908 1388 1013 1422 rebus
1036 1389 1199 1434 gerendis
1218 1390 1370 1429 secessit,
1388 1391 1577 1424 reservatis
1597 1390 1698 1424 bene-

391 1488 459 1522 ficii
477 1487 663 1522 fructibus.
703 1486 806 1521 Vixit
822 1486 1010 1525 Patricius,
1024 1487 1160 1531 aliquot
1183 1487 1307 1520 saltem
1322 1498 1445 1528 annos,
1459 1488 1562 1522 officii
1577 1500 1698 1533 super-

390 1591 472 1626 stes,
489 1598 552 1620 nec
570 1587 695 1626 multo,
712 1590 754 1619 ut
772 1586 925 1625 videtur,
943 1589 1026 1619 ante
1050 1596 1184 1619 annum
1203 1587 1311 1625 1522,
1331 1587 1467 1621 reditus
1491 1588 1695 1622 monasterii

389 1696 572 1719 successor
589 1685 732 1729 accepit.

438 1783 529 1817 Tam
542 1784 709 1827 opulento
720 1782 887 1816 beneficio
898 1783 1042 1816 tandem
1056 1794 1179 1817 revera
1190 1784 1337 1827 potitus,
1348 1783 1533 1828 factusque
1544 1786 1692 1820 coenobii

387 1893 530 1927 praeses,
542 1882 650 1927 regiae
664 1882 739 1915 sedi
754 1881 874 1920 vicini,
889 1885 934 1921 et,
949 1881 1192 1915 ecclesiasticae
1209 1882 1396 1927 dignitatis
1410 1882 1504 1927 jure,
1520 1883 1695 1918 Dominus

386 1980 624 2025 parliamenti,
643 1984 767 2013 auctor
784 1983 904 2013 noster
920 1979 1042 2013 statim
1064 1980 1103 2013 in
1125 1984 1288 2024 apertum
1311 1982 1471 2024 prolatus
1489 1988 1551 2016 est.
1606 1982 1692 2017 Post

387 2090 520 2113 annum
534 2078 979 2118 1525,C0mmissionarius
991 2089 1230 2122 saepenumero
1241 2079 1286 2112 ad
1297 2080 1531 2123 parliamenta
1543 2083 1695 2115 tenenda

384 2178 600 2217 nominatus,
614 2188 753 2221 semper
765 2176 839 2211 fere
858 2177 902 2210 ad
920 2174 1092 2211 articulos
1110 2188 1174 2221 pro
1188 2174 1283 2211 clero
1296 2178 1438 2219 electus,
1456 2178 1694 2214 Dominorum
