2106 2894
657 408 827 442 PONTIS
847 406 1220 441 DUNKELDENSIS.
1546 411 1593 447 97

283 522 397 556 eidem
415 519 555 557 Alester
573 522 610 556 in
628 522 824 556 mercedem
842 521 974 556 laboris
996 524 1075 555 octo
1096 523 1281 565 petrarum
1298 517 1386 553 ferri
1403 516 1466 564 viij
1486 519 1513 551 3.
1544 516 1595 552 Et

284 605 321 638 in
342 604 575 639 ferracionem
593 609 737 639 centum
758 604 1022 650 quinquaginta
1039 614 1121 637 cum
1138 606 1294 648 quatuor
1310 600 1490 642 serrorum
1511 610 1593 635 cum

283 687 435 731 propriis
470 688 581 722 clauis
615 685 744 721 nostris
776 686 891 731 pretio
925 683 1113 731 cujussibet
1146 683 1354 718 ferracionis
1388 683 1516 717 obulus
1552 687 1594 717 ut

282 767 387 812 supra
406 769 439 814 vj
465 771 491 802 3.
508 769 546 814 xj
565 766 599 802 d.
650 767 702 802 Et
727 768 842 802 eidem
866 767 905 801 in
931 766 1129 801 mercedem
1154 765 1286 800 laboris
1312 765 1521 799 acucionum
1547 762 1595 799 lie

278 849 441 896 prenteis
468 851 511 885 de
536 850 640 885 ferris
667 849 738 885 suis
764 850 898 895 capien.
924 860 990 894 pro
1019 846 1149 882 eisdem
1178 858 1242 892 per
1269 858 1405 881 annum
1431 847 1587 892 quadra-

282 933 384 978 ginta
408 933 572 967 denarios
601 903 667 978 liro
694 932 854 978 quolibet
884 929 932 966 lie
955 928 1122 978 prenteis
1150 934 1187 964 et
1212 929 1408 964 dimedium
1434 933 1471 964 et
1499 940 1594 964 unus

283 1026 397 1049 annus
415 1015 600 1049 advenien.
617 1013 705 1049 festo
721 1015 842 1049 Sancti
860 1014 1010 1048 Mertini
1027 1014 1190 1058 proxime
1207 1012 1333 1047 futuro
1351 1013 1537 1047 extenden.
1555 1013 1594 1047 in

283 1097 386 1131 totali
402 1095 540 1131 summa
556 1097 602 1130 ad
619 1097 657 1130 ix
675 1099 701 1130 3.
753 1095 804 1130 Et
821 1097 860 1130 in
876 1095 1102 1130 refectionem
1121 1092 1441 1129 instrumentorum
1463 1094 1595 1129 ferreo-

282 1191 363 1214 rum
380 1177 429 1213 lie
438 1176 604 1225 prenteis
626 1190 667 1213 ac
679 1178 860 1213 serrorum
883 1182 1045 1212 rotarum
1065 1182 1101 1212 et
1125 1178 1294 1212 redarum
1311 1177 1361 1223 vij
1381 1179 1407 1211 3.
1421 1177 1437 1223 j
1457 1174 1491 1211 d.
1542 1176 1595 1211 Et

282 1261 396 1295 eidem
414 1261 452 1294 in
469 1260 696 1294 refectionem
713 1260 910 1294 ferreorum
927 1260 1085 1304 lapicidii
1103 1270 1184 1293 cum
1210 1270 1304 1293 novo
1321 1258 1417 1294 ferro
1432 1270 1498 1304 pro
1515 1260 1596 1304 qui-

283 1343 349 1377 bus
372 1341 555 1377 Johannes
581 1342 761 1382 Querreor
786 1341 895 1376 habet
920 1340 1129 1387 respondere
1146 1342 1236 1388 xxiij
1257 1344 1283 1375 3.
1300 1341 1326 1387 ij
1346 1339 1381 1377 d.
1432 1340 1484 1377 Et
1509 1343 1596 1377 allo-

284 1428 385 1459 catur
410 1425 524 1459 eidem
546 1436 610 1470 per
631 1425 881 1459 liberacionem
905 1424 1037 1459 factam
1062 1423 1208 1458 Andree
1234 1423 1380 1469 Smytht
1403 1429 1595 1470 antequam

284 1507 548 1541 conducebatur
569 1507 615 1540 ad
636 1518 726 1552 opus
744 1506 871 1541 fabrile
890 1507 1023 1541 fabrice
1041 1507 1160 1551 pontis
1183 1507 1222 1540 in
1245 1507 1443 1541 mercedem
1461 1507 1594 1543 laboris

285 1590 404 1623 decem
421 1586 617 1623 frustorum
634 1588 721 1623 ferri
739 1589 874 1634 capien.
891 1601 957 1635 pro
974 1589 1134 1635 quolibet
1151 1587 1285 1623 frustro
1304 1589 1394 1623 citra
1411 1589 1542 1625 bibalia
1560 1595 1596 1625 et

285 1670 472 1705 servitores
490 1675 569 1705 octo
586 1672 749 1706 denarios
768 1672 803 1718 vj
824 1674 849 1706 3.
869 1672 931 1717 viij
951 1669 985 1706 d.
1012 1670 1064 1706 Et
1081 1672 1254 1706 allocatur
1271 1672 1386 1706 eidem
1411 1683 1475 1717 per
1492 1673 1597 1708 liber-

285 1754 445 1788 acionem
462 1753 593 1787 factam
611 1725 724 1788 eidem
740 1753 885 1789 Andree
894 1727 925 1788 ’a
939 1755 996 1788 die
1008 1753 1067 1788 sue
1081 1754 1325 1788 conductionis
1338 1755 1402 1799 qui
1415 1754 1486 1790 fuit
1498 1754 1596 1791 sexto

284 1835 375 1869 Julii
386 1836 471 1869 anni
491 1840 550 1869 vec*
569 1837 605 1869 v‘
621 1833 719 1882 xiijmi
736 1837 774 1870 in
799 1835 939 1881 presens
963 1840 1167 1881 compotum
1191 1836 1230 1870 in
1253 1840 1392 1881 partem
1408 1835 1596 1874 solucionis

286 1916 380 1951 feodi
398 1917 512 1963 xxxiij
533 1920 559 1952 3.
577 1896 630 1963 iiij
649 1915 684 1952 d.
747 1917 800 1952 Et
816 1916 1046 1952 servitoribus
1065 1916 1220 1963 ejusdem
1246 1918 1286 1952 in
1306 1918 1401 1952 diem
1424 1919 1595 1964 presentis

287 1999 441 2044 compoti
458 1999 520 2045 xvj
533 2011 551 2045 3
568 1997 603 2034 d.
639 1999 692 2035 Et
704 2001 877 2035 allocatur
894 2001 1008 2035 eidem
1026 2011 1091 2046 per
1108 2000 1328 2045 empcionem
1338 2002 1445 2036 unius
1462 2004 1595 2038 arcom'i

288 2080 362 2115 feni
379 2091 401 2115 a
417 2079 572 2128 Georgio
588 2082 863 2129 Abbercrumby
880 2084 1066 2118 extenden.
1093 2083 1139 2118 ad
1155 2083 1418 2130 quinquaginta
1441 2085 1595 2119 cercinas

287 2139 378 2207 xli⁰i¹ij
398 2165 424 2196 3.
475 2161 527 2196 Et
548 2163 719 2199 allooetur
743 2165 858 2199 eidem
882 2176 947 2210 per
970 2165 1220 2199 liberacionem
1244 2165 1376 2200 factam
1394 2166 1595 2210 Capelianis

287 2244 388 2279 chori
415 2246 459 2280 de
488 2256 608 2280 annuo
636 2247 780 2282 redditu
809 2248 860 2282 eis
889 2247 1008 2283 debito
1039 2248 1082 2282 de
1111 2248 1266 2293 quadam
1292 2247 1397 2282 domo
1422 2248 1594 2284 heredum
