2106 2894
412 343 483 377 102
702 340 970 373 COMPOTUM
992 341 1224 374 MAGISTRI
1244 340 1449 375 FABRICE

411 449 497 486 fimo
522 449 804 499 quingentefimo
828 452 1015 486 undecimo
1040 453 1175 497 capien.
1201 464 1265 498 per
1290 465 1425 488 annum
1451 454 1564 488 decim
1586 463 1721 487 mercas

412 535 447 581 vj
467 536 505 569 li.
522 535 586 580 xiij
607 538 632 568 ἔ.
651 534 702 579 iiij
722 532 756 568 d.
808 533 860 568 Et
886 535 1000 568 eidem
1026 545 1047 568 a
1073 535 1167 569 dicto
1193 536 1250 569 die
1275 534 1424 580 septimo
1449 535 1539 570 Julii
1565 536 1603 570 in
1628 546 1723 569 anno

414 623 471 652 ’ξε
490 619 525 650 v‘
542 617 728 651 undecimo
751 616 910 651 laboran.
932 628 998 662 pro
1015 617 1176 651 mercede
1193 629 1257 662 per
1273 617 1505 663 septimanam
1524 622 1560 652 et
1577 615 1722 652 existen.

1097 677 1122 690 01¹

411 780 658 815 liberacionem
681 781 812 815 factam
833 781 946 815 eidem
970 780 994 814 J
996 781 1128 815 ohanni
1153 793 1174 816 a
1195 782 1252 816 die
1273 783 1461 816 undecimo
1478 781 1615 827 Aprilis
1639 783 1724 816 anni

415 869 473 896 ze*
491 864 526 896 vc
543 863 593 909 xij
619 863 656 896 in
673 863 767 897 diem
785 862 955 907 presentis
973 864 1127 908 compoti
1145 865 1331 898 extenden.
1351 865 1398 898 ad
1415 876 1550 898 annum
1568 869 1604 899 et
1621 865 1726 899 dimi-

414 946 514 980 dium
537 957 577 979 ac
599 950 764 990 quartam
791 950 928 990 partem
946 957 971 979 x
989 946 1025 979 li.
1043 946 1105 991 xvj
1126 949 1152 980 ἓ.
1170 946 1233 991 viij
1253 944 1287 980 d.
1338 945 1390 980 Et
1416 947 1531 980 eidem
1558 947 1596 980 in
1623 946 1726 993 Toga

413 1028 510 1062 ultra
526 1028 668 1070 feodum
687 1027 800 1061 eidem
819 1025 984 1071 promissa
1001 1038 1051 1061 xv
1068 1030 1094 1061 ἔ.
1146 1027 1197 1061 Et
1215 1029 1389 1062 allocatur
1406 1028 1522 1062 eidem
1539 1040 1603 1073 per
1620 1028 1726 1063 liber-

414 1110 571 1143 acionem
596 1108 727 1143 factam
753 1106 986 1143 servientibus
1013 1113 1048 1143 et
1073 1109 1231 1143 laboran.
1255 1121 1337 1144 cum
1359 1109 1525 1144 Johanne
1547 1109 1670 1156 Wiyse
1687 1111 1726 1145 in

417 1191 655 1237 Cragrannky
672 1195 708 1225 et
726 1192 804 1225 aliis
823 1192 998 1235 lapicidiis
1016 1192 1054 1237 iij
1074 1192 1111 1225 li.
1129 1192 1167 1238 iij
1188 1194 1214 1226 ἔ.
1232 1203 1256 1226 x
1274 1190 1308 1225 d.
1353 1192 1405 1226 Et
1422 1194 1594 1227 allocatur
1612 1195 1725 1228 eidem

415 1285 477 1318 per
503 1273 751 1307 liberacionem
776 1273 908 1308 factam
933 1272 1167 1308 servientibus
1198 1279 1233 1308 et
1263 1274 1421 1309 laboran.
1449 1287 1530 1310 cum
1561 1275 1726 1310 Johanne

417 1355 537 1402 Wiyse
554 1357 593 1390 in
610 1357 844 1391 remocionem
863 1357 1023 1401 lapidum
1041 1357 1180 1402 antiqui
1198 1355 1245 1391 lie
1263 1355 1476 1403 Lanclstaile
1492 1362 1528 1393 et
1544 1356 1725 1393 foffionem

415 1438 638 1473 fundamenti
664 1450 729 1483 pro
754 1450 848 1473 novo
873 1436 921 1473 lie
947 1436 1159 1484 Lamlstaile
1183 1440 1258 1486 xlvj
1279 1443 1305 1474 ἔ.
1324 1441 1372 1486 vij
1392 1438 1426 1474 d.
1478 1440 1530 1475 Et
1555 1442 1728 1476 allocatur

419 1523 532 1556 eidem
549 1534 613 1567 per
630 1523 876 1556 liberacionem
899 1522 1030 1557 factam
1054 1522 1079 1556 J
1080 1523 1212 1557 ohanni
1230 1523 1409 1564 Querreor
1426 1524 1575 1569 lapicide
1593 1525 1727 1569 capien.

418 1615 481 1649 per
499 1616 630 1638 annum
650 1605 694 1639 ab
712 1605 914 1649 incepcione
933 1607 1048 1650 operis
1067 1606 1105 1640 in
1122 1604 1211 1640 festo
1229 1605 1478 1641 penthecostes
1499 1608 1538 1641 in
1556 1619 1650 1641 anno
1669 1612 1727 1641 'tc‘

420 1687 455 1719 vc
473 1688 533 1719 x¹¹³⁰
553 1686 591 1719 in
617 1687 709 1720 diem
737 1687 857 1722 Sancti
884 1687 1033 1723 Mertini
1059 1689 1097 1722 in
1123 1700 1217 1723 anno
1244 1694 1303 1723 *tc*
1322 1691 1358 1723 vc
1375 1690 1454 1735 xiij⁰
1475 1690 1661 1739 extenden.
1684 1691 1730 1724 ad

419 1771 573 1812 quatuor
597 1779 708 1802 annos
732 1770 866 1813 capien.
884 1770 998 1804 decim
1015 1782 1149 1804 mercas
1168 1771 1258 1805 citra
1275 1772 1428 1805 celdram
1445 1771 1577 1805 ferrine
1595 1782 1730 1805 annua-

420 1850 485 1884 tim
509 1850 595 1896 xxvj
620 1850 657 1883 li.
678 1850 741 1896 xiij
767 1853 792 1884 ἕ.
813 1851 865 1896 iiij
889 1848 922 1884 d.
974 1851 1027 1886 Et
1052 1853 1224 1887 allocatur
1250 1854 1364 1887 eidem
1390 1864 1453 1898 per
1478 1853 1728 1888 liberacionem

419 1932 548 1967 factam
577 1931 811 1967 servientibus
839 1934 933 1968 dicto
959 1933 1117 1969 Johanni
1146 1936 1184 1969 in
1211 1937 1369 1980 querella
1391 1936 1430 1970 in
1455 1935 1606 1970 secundo
1632 1947 1727 1970 anno

420 2016 535 2060 operis
553 2015 687 2059 capien.
704 2015 865 2060 quolibet
881 2016 919 2050 in
935 2014 1131 2061 septimana
1147 2019 1307 2053 modium
1324 2018 1458 2053 farrine
1476 2022 1512 2053 et
1529 2023 1607 2053 octo
1624 2019 1731 2053 dena-

420 2097 492 2131 rios
521 2095 660 2131 summa
688 2097 820 2132 ferrine
846 2096 975 2132 eisdem
1001 2099 1085 2133 data
1109 2100 1148 2134 in
1173 2105 1337 2145 compoto
1363 2099 1528 2147 Magistri
1554 2100 1731 2135 Johannis

421 2179 541 2215 Lacok
566 2180 752 2226 graniterii
779 2181 918 2215 reddito
941 2182 1038 2226 apud
1061 2181 1177 2229 Clony
1199 2183 1285 2229 xxvj
1312 2183 1527 2218 Novembris
1552 2194 1646 2218 anno
1671 2188 1731 2218 ‘tc‘
