2106 2894
425 379 495 412 112
701 375 972 409 COMPOTUM
994 375 1225 408 MAGISTRI
1247 375 1451 408 FABRICE

422 487 485 533 xiij
505 487 542 521 in
560 487 752 521 terminum
775 485 997 521 pentecostes
1014 487 1099 520 anni
1117 491 1177 520 *te*
1195 488 1231 521 v‘
1246 484 1344 533 xiiiJ‘J
1362 488 1495 532 capien.
1513 497 1577 531 per
1594 495 1730 520 annum

422 570 551 615 viginti
565 569 674 603 libras
700 569 788 603 Inde
802 569 932 615 viginti
946 574 1102 614 quatuor
1115 568 1227 603 bollas
1241 569 1451 603 victualium
1464 580 1531 614 pro
1544 567 1729 603 duodecim

422 653 547 686 mercis
565 652 603 686 in
626 651 776 696 pecunia
798 662 861 697 per
885 655 1147 696 compotantem
1165 652 1203 686 ix
1220 652 1258 698 lj.
1277 652 1313 698 vj
1333 654 1359 687 ἔ.
1378 652 1441 698 viij
1460 649 1495 686 d.
1513 648 1730 686 considerato

421 735 516 779 quod
542 734 668 768 habuit
690 735 803 769 decim
832 745 967 768 mercas
990 735 1177 769 annuatim
1203 746 1269 779 pro
1294 732 1395 769 servo
1419 733 1482 769 suo
1507 732 1545 780 ly
1565 731 1730 780 prenteis

422 815 473 851 Et
490 817 663 851 allocatur
680 817 792 851 eidem
810 828 873 862 per
892 817 1138 851 liberacionem
1162 816 1295 852 factam
1316 817 1475 852 Johanni
1496 817 1632 851 Brown
1654 827 1730 850 ma-

421 897 531 944 gistro
548 899 787 934 lathomorum
806 900 939 944 capien.
953 911 1017 944 per
1033 911 1166 934 annum
1186 900 1370 934 duodecim
1389 911 1523 934 mercas
1541 904 1577 933 et
1591 900 1728 933 venien.

420 982 515 1026 apud
533 993 622 1026 opus
639 982 736 1015 omni
753 992 847 1015 anno
860 986 976 1026 quart.
991 986 1026 1015 et
1039 980 1190 1026 spectan.
1204 982 1364 1026 quolibet
1382 987 1540 1026 tempore
1558 992 1622 1026 per
1638 981 1727 1015 duas

420 1062 631 1108 septimanas
648 1068 755 1108 prout
771 1063 924 1098 habetur
941 1064 978 1098 in
996 1064 1215 1108 prothocollo
1233 1064 1369 1098 domini
1397 1064 1542 1098 Findlai
1560 1062 1727 1109 Symonjs

419 1146 548 1180 notarii
562 1143 617 1180 xl‘J
632 1148 648 1180 ἔ
686 1145 738 1181 Et
755 1147 927 1180 allocatur
944 1147 1057 1181 eidem
1076 1158 1139 1191 per
1156 1147 1405 1181 liberacionem
1422 1146 1555 1181 factam
1569 1146 1728 1180 Roberto

420 1228 599 1273 Merl3one
625 1229 767 1263 noviter
789 1229 963 1263 conducto
988 1230 1121 1274 capien.
1141 1241 1204 1274 per
1229 1241 1363 1263 annum
1382 1229 1512 1275 viginti
1537 1239 1671 1262 mercas
1692 1233 1728 1262 et

418 1314 496 1344 octo
519 1310 630 1345 bollas
652 1310 785 1345 farrine
807 1311 970 1356 incipien-
988 1312 1025 1345 in
1049 1310 1137 1346 festo
1160 1311 1280 1346 Sancti
1302 1311 1451 1345 Mertini
1468 1311 1632 1355 proximo
1649 1321 1727 1355 pre-

417 1391 533 1426 ceden.
552 1395 588 1425 et
605 1392 641 1425 in
660 1393 876 1437 principium
893 1391 1081 1427 solucionis
1097 1391 1156 1427 sue
1173 1393 1344 1427 mercedis
1361 1392 1493 1426 laboris
1511 1370 1588 1437 xi'i‘ij
1609 1394 1635 1425 ἔ.
1676 1390 1728 1425 Et

417 1473 577 1508 Thomae
601 1474 876 1520 Fothringhaim
898 1486 938 1508 ac
955 1474 979 1508 J
981 1475 1114 1509 ohanni
1133 1475 1268 1509 Cowtis
1286 1474 1456 1509 lathomis
1474 1474 1612 1508 venien.
1631 1474 1726 1518 apud

416 1553 627 1589 Dunkelden
652 1567 717 1600 pro
741 1556 895 1590 conciliis
914 1567 1037 1590 eorum
1055 1557 1151 1601 apud
1169 1567 1259 1601 opus
1276 1557 1314 1590 in
1332 1555 1509 1590 bibalibus
1528 1534 1578 1601 iiij
1601 1558 1626 1589 ἔ.
1646 1555 1670 1601 ij
1691 1553 1725 1589 d.

416 1635 467 1671 Et
494 1638 665 1671 allocatur
692 1639 803 1672 eidem
832 1650 897 1683 per
924 1639 1173 1673 liberacionem
1201 1639 1334 1673 factam
1359 1638 1493 1673 Jacobo
1518 1637 1668 1684 Aysoun
1691 1643 1726 1673 et

414 1717 437 1751 J
439 1718 572 1752 ohanni
590 1719 707 1764 Dykis
725 1717 762 1765 ly
772 1718 938 1766 prenteis
954 1721 992 1754 in
1010 1720 1122 1755 feodis
1139 1719 1209 1755 suis
1228 1721 1362 1766 capien.
1380 1732 1444 1766 per
1461 1732 1595 1755 annum
1615 1720 1726 1755 firlot-

414 1812 472 1835 am
490 1801 621 1836 ferrine
639 1803 677 1836 in
694 1801 889 1847 septimana
905 1807 941 1837 et
959 1804 1089 1849 viginti
1107 1802 1234 1837 solidos
1258 1814 1322 1847 per
1339 1813 1475 1837 annum
1499 1813 1622 1836 eorum
1646 1802 1725 1846 qui-

412 1884 499 1918 libet
515 1881 582 1946 πεί)
600 1887 625 1918 ἔ.
677 1884 729 1918 Et
758 1884 870 1918 eidem
894 1896 957 1929 per
977 1884 1227 1919 liberacionem
1245 1884 1376 1919 factam
1394 1884 1524 1918 fodien.
1544 1888 1580 1918 et
1597 1884 1722 1919 ducen.

411 1966 529 2000 lutum
555 1967 620 2011 νὴ).
639 1967 791 2001 tricenta
813 1965 1039 2013 septuaginta
1059 1966 1118 2001 sex
1141 1978 1249 2002 onera
1272 1968 1339 2002 luti
1362 1972 1563 2013 compotan.
1581 1972 1722 2002 centum

409 2049 539 2095 viginti
561 2060 625 2094 pro
647 2055 788 2084 centum
812 2055 847 2084 et
870 2061 935 2095 pro
963 2049 1124 2095 quolibet
1147 2061 1252 2084 onere
1274 2050 1461 2084 denarium
1484 2054 1520 2084 et
1542 2050 1661 2084 minus
1685 2050 1722 2084 in

408 2131 570 2176 pluribus
596 2132 763 2167 oneribus
788 2143 890 2166 xxxv
908 2134 935 2167 ἔ.
953 2132 1016 2178 viij
1036 2129 1070 2166 d.
1124 2131 1174 2166 Et
1196 2133 1368 2167 allocatur
1390 2132 1503 2167 eidem
1527 2132 1565 2166 in
1586 2132 1723 2168 ductio·

408 2225 487 2248 nem
513 2215 792 2261 quingentorum
815 2215 1001 2250 duodecim
1026 2215 1186 2260 lapidum
1209 2215 1403 2250 muralium
1421 2215 1468 2250 ad
1485 2226 1574 2260 opus
1596 2213 1722 2249 Pontis
