2106 2894
746 402 914 435 PONTIS
935 402 1310 435 DUNKELDENSIS.
1608 406 1656 442 89

350 518 489 559 tempus
512 515 664 560 compoti
684 525 759 549 xxv
777 517 802 549 ἔ.
820 525 844 549 v
860 513 894 549 d.
946 514 997 549 Et
1026 515 1198 549 allocatur
1223 514 1338 548 eidem
1358 524 1421 558 per
1437 511 1656 557 empcionem

350 597 462 631 decim
484 598 651 631 cellarum
673 598 839 631 redarum
860 598 1071 642 equinarum
1092 594 1140 630 lie
1165 594 1296 643 nappis
1312 596 1490 630 coriorum
1512 595 1657 640 equino-

348 690 430 712 rum
444 679 801 724 reformationemque
818 680 962 713 illarum
979 690 1019 713 ac
1034 679 1143 723 panni
1161 680 1255 712 lanei
1272 690 1338 723 pro
1350 678 1517 723 pannulis
1530 688 1657 711 earun-

348 761 429 794 dem
452 772 492 795 ac
509 762 705 795 mercedem
730 760 893 794 laborum
920 760 1097 795 artificum
1123 759 1314 804 ceterisque
1331 758 1491 804 expenfis
1508 757 1656 806 fingulis

348 842 440 875 circa
466 843 569 876 cellas
598 841 801 887 hujusmodi
831 841 920 888 xxiij
957 844 982 875 ἒ.
1017 842 1055 887 iij
1092 839 1126 875 d.
1190 840 1243 875 Et
1273 841 1446 875 allocatur
1475 842 1589 875 eidem
1618 841 1657 875 in

319 904 324 906 —
348 922 506 969 expensis
540 925 685 969 antique
714 922 823 958 fimbe
852 922 1050 969 presentate
1079 935 1144 969 per
1175 923 1373 958 Dominum
1403 922 1582 957 Abbatem
1614 925 1656 957 de

348 1006 461 1040 Scona
485 1011 625 1051 portate
651 1007 696 1040 ad
720 1006 958 1040 Dounkelden
982 1003 1050 1040 xxti
1076 1009 1102 1040 's'-
1130 1007 1155 1052 ij
1186 1004 1220 1041 d.
1272 1005 1324 1040 Et
1347 1007 1520 1041 allocatur
1543 1006 1656 1040 eidem

349 1099 414 1132 pro
443 1089 603 1123 mercede
632 1088 763 1122 laboris
797 1088 944 1122 Domini
975 1086 1153 1134 Anthonij
1187 1087 1391 1122 M‘Dowale
1422 1085 1656 1123 construentis

348 1169 495 1205 fimbam
521 1182 590 1215 que
611 1181 706 1204 nunc
723 1168 772 1203 est
794 1171 890 1214 apud
913 1170 1120 1214 lapicidium
1146 1181 1213 1214 pro
1229 1170 1399 1204 vehendis
1416 1169 1595 1214 lapidibus
1613 1181 1657 1204 ex

348 1251 514 1295 lapicidio
540 1252 585 1285 ad
610 1251 737 1296 bighas
763 1256 799 1285 et
821 1262 887 1296 pro
910 1251 1085 1286 bitumine
1106 1252 1183 1296 pice
1215 1256 1251 1286 et
1281 1252 1359 1285 aliis
1389 1249 1585 1286 neceffariis
1611 1252 1656 1286 ad

347 1334 477 1368 dictam
504 1332 664 1378 symbam
689 1337 809 1378 preter
835 1333 976 1367 tabulas
999 1337 1035 1367 et
1059 1334 1158 1380 ligna
1183 1345 1253 1379 que
1276 1332 1424 1367 fuerunt
1447 1333 1594 1367 Domini
1620 1338 1656 1368 et

347 1426 410 1460 per
427 1427 509 1449 eum
526 1416 640 1449 eidem
658 1416 786 1450 donate
803 1416 854 1462 xij
873 1417 909 1450 li.
928 1417 965 1462 xj
985 1419 1011 1450 ἔ.
1029 1416 1068 1462 iij
1089 1414 1121 1450 d.
1173 1415 1224 1450 Et
1242 1416 1414 1450 allocatur
1430 1416 1544 1449 eidem
1562 1412 1655 1449 fimi-

347 1497 428 1531 liter
454 1497 492 1531 in
520 1496 817 1532 construccionem
841 1496 1033 1533 fimbucule
1059 1510 1127 1543 que
1153 1496 1204 1532 est
1229 1499 1326 1543 apud
1351 1496 1399 1531 lie
1424 1495 1589 1531 hulwark
1614 1497 1656 1531 in*

346 1580 542 1613 mercedem
559 1579 691 1614 laboris
705 1580 882 1614 artificum
901 1585 936 1614 et
950 1581 1028 1615 aliis
1042 1578 1201 1625 expenfis
1219 1584 1339 1625 preter
1352 1580 1452 1626 ligna
1464 1583 1499 1613 et
1512 1579 1652 1613 tabulas

346 1662 461 1695 xxxiii
479 1664 504 1695 ἕ.
523 1662 586 1708 viij
606 1660 640 1696 d.
690 1661 742 1696 Et
768 1663 940 1696 allocatur
966 1663 1079 1697 eidem
1102 1663 1141 1696 in
1164 1660 1211 1696 lie
1234 1660 1382 1708 uncqsiis
1404 1660 1525 1707 symbe
1548 1662 1651 1696 calcis

347 1748 463 1787 empte
484 1744 522 1777 in
540 1743 652 1778 Perth
671 1755 734 1788 per
752 1744 949 1778 Dominum
972 1749 1007 1779 et
1032 1756 1098 1789 pro
1123 1745 1303 1789 portitura
1320 1745 1366 1778 ad
1383 1744 1535 1789 opellam
1551 1755 1652 1778 xxxv

345 1828 370 1859 ἒ.
389 1825 451 1870 viij
471 1823 505 1858 d.
556 1824 608 1859 Et
633 1826 806 1860 alloeatur
832 1826 946 1860 eidem
971 1826 1010 1860 in
1034 1824 1311 1861 combustionem
1330 1824 1460 1860 ustrini
1486 1826 1588 1860 calcis
1611 1827 1659 1860 de'

344 1905 441 1941 testis
464 1905 653 1941 ostriorum
680 1908 719 1942 in
746 1907 962 1942 Crawmond
988 1909 1251 1953 circumportat.
1269 1909 1315 1942 ad
1339 1908 1451 1942 Perth
1473 1909 1591 1942 nawlo
1615 1913 1650 1942 et

345 1987 392 2023 lie
409 1987 558 2035 uncqstis
575 1990 610 2035 vj
631 1990 668 2023 li.
735 1989 787 2024 Et
813 1991 986 2025 allocatur
1013 1991 1126 2025 eidem
1148 1991 1186 2024 in
1208 1991 1426 2035 empcionem
1447 1991 1650 2036 quindecim

344 2072 541 2105 celdrarum
576 2072 680 2106 calcis
714 2073 832 2117 precio
863 2073 977 2107 celdre
1007 2073 1206 2107 duodecim*
1223 2071 1324 2107 solidi
1355 2077 1390 2107 et
1424 2073 1554 2118 viginti
1589 2070 1648 2105 sex

344 2153 541 2187 celdrarum
562 2155 665 2189 calcis
690 2155 809 2200 precio
835 2155 949 2189 celdre
974 2167 1092 2190 merca
1117 2155 1302 2189 extenden.
1325 2155 1364 2188 in
1388 2154 1539 2198 pecunia
1563 2164 1650 2197 qua-

343 2235 508 2281 draginta
532 2235 639 2270 unius
664 2237 861 2271 celdrarum
888 2238 933 2272 ad
958 2237 1045 2283 xxvj
1065 2238 1100 2272 li.
1119 2237 1155 2282 vj
1175 2239 1200 2271 'st
1220 2236 1282 2282 viij
1302 2233 1336 2269 d.
1387 2235 1439 2270 Et
1464 2234 1584 2270 nautis
1609 2235 1648 2268 in
