1964 2894
527 417 653 448 VITAE
680 416 1017 448 EPISCOPORUM
1040 414 1472 446 DUNKELDENSIUM.
1588 416 1626 445 15

335 525 460 568 plenus
486 524 624 557 dierum
649 527 685 557 et
710 527 955 557 consummata
980 522 1078 556 chori
1104 522 1160 556 sui
1185 520 1330 561 fabrica,
1355 520 1444 555 obiit
1469 521 1636 555 vicesimo

336 606 487 650 septimo
504 604 635 639 mensis
652 604 676 638 J
677 605 764 644 unii,
779 609 814 638 et
831 605 870 638 in
887 603 1073 648 sepulchro
1090 614 1166 643 suo,
1180 607 1222 637 ut
1238 602 1456 647 praedicitur,
1474 603 1634 647 sepultus

335 691 399 726 est,
422 698 515 721 anno
532 686 666 720 domini
689 685 876 719 millesimo
894 685 1139 718 trecentesimo
1155 684 1339 730 trigesimo
1362 684 1523 728 septimo,
1541 684 1635 718 inter
1662 689 1702 719 A.
1720 688 1760 718 D.
1780 687 1870 719 1337.

336 768 469 802 nobiles
487 766 668 812 pontifices
686 766 813 800 merito
831 765 1099 810 computandus.
1152 764 1220 798 Cui
1238 764 1403 798 successit

378 1011 487 1046 DUN
489 1010 656 1045 CANUS
679 1011 873 1055 episcopus,
896 1011 959 1055 qui
982 1010 1111 1044 locavit
1136 1010 1174 1043 in
1197 1009 1395 1043 feodifirma
1411 1008 1572 1044 Waltero
1596 1010 1639 1043 de

339 1094 574 1138 Fothringay,
602 1096 714 1126 terras
735 1092 778 1125 de
801 1091 980 1136 FordaylL
1003 1102 1068 1135 pro
1092 1090 1330 1136 quadraginta
1350 1090 1471 1124 solidis
1497 1091 1639 1124 sterlin-

339 1185 478 1221 gorum,
489 1184 554 1218 pro
568 1173 671 1206 certis
685 1172 885 1206 haeredibus
898 1182 907 1212 ;
927 1172 1022 1217 quod
1032 1172 1187 1224 creditur
1200 1171 1345 1211 factum,
1357 1172 1442 1216 quia
1455 1172 1639 1217 episcopus

339 1260 415 1289 erat
432 1255 575 1289 natione
585 1253 771 1300 Anglicus,
789 1258 825 1287 et
842 1254 956 1288 dictus
974 1252 1156 1287 Walterus
1174 1253 1250 1298 ejus
1267 1253 1560 1298 consanguineus,
1577 1254 1640 1297 qm'

341 1347 385 1370 ex
395 1335 531 1381 Anglia
547 1345 627 1369 cum
640 1333 821 1369 Edwardo
834 1335 877 1368 de
890 1333 1042 1367 Balliolo
1056 1333 1210 1367 Scotiam
1227 1337 1401 1367 venerunt
1414 1343 1423 1373 3
1442 1334 1499 1367 vel
1517 1334 1641 1367 saltem

340 1418 415 1462 ipse
432 1416 614 1462 episcopus
631 1416 712 1450 licet
734 1414 871 1455 Scotus,
888 1419 1008 1449 tamen
1026 1414 1071 1448 ad
1088 1412 1260 1448 Edwardi
1276 1413 1416 1448 favores
1434 1413 1642 1448 obtinendos

342 1498 551 1532 locationem
564 1496 770 1543 hujusmodi
783 1495 877 1535 fecit,
888 1500 924 1530 et
941 1496 1054 1529 eidem
1069 1494 1229 1529 adhaesit.
1256 1494 1356 1529 Idem
1367 1494 1536 1529 Ducanus
1555 1495 1642 1528 obiit

342 1590 434 1613 anno
452 1577 587 1612 domini
604 1577 791 1611 millesimo
804 1576 1049 1611 trecentesimo
1066 1576 1285 1621 sexagesimo
1302 1575 1418 1616 tertio,
1432 1581 1468 1611 et
1484 1576 1534 1611 sic
1552 1577 1643 1611 sedit
1669 1581 1710 1611 A.
1728 1581 1767 1611 D.
1786 1579 1879 1611 1363.

343 1660 444 1694 annis
463 1658 592 1704 viginti
610 1668 680 1693 sex.
732 1656 801 1692 Cui
818 1657 983 1692 successit

393 1902 632 1937 MICHAEL
659 1902 890 1948 Monymusk,
913 1903 1127 1938 camerarius
1148 1914 1300 1949 magnus
1322 1902 1460 1944 Scodae,
1478 1904 1540 1948 qui
1558 1904 1645 1939 obiit

344 1985 458 2030 primo
476 1984 613 2025 Martii,
630 1989 666 2019 et
683 1985 721 2019 in
738 1984 845 2019 choro
863 1984 1107 2019 Dunkeldensi
1120 1985 1166 2019 ad
1182 1984 1334 2031 gradum
1351 1995 1373 2018 a
1389 1985 1522 2019 dextris
1545 1985 1645 2019 nobi-

344 2067 388 2100 lis
404 2065 591 2099 Willielmi
616 2066 660 2099 de
686 2065 815 2100 Sancto
841 2065 947 2100 Claro
972 2066 1150 2110 sepelitur,
1176 2075 1271 2100 anno
1296 2066 1431 2101 domini
1456 2066 1644 2102 millesimo
1670 2065 1710 2095 A·
1729 2064 1769 2095 D·
1789 2063 1879 2097 1376·

344 2147 588 2183 trecentesimo
606 2147 865 2193 septuagesimo
882 2151 992 2182 sexto.
1044 2146 1112 2182 Cui
1129 2147 1295 2182 successit
