2106 2894
434 360 505 393 124
723 358 993 393 COMPOTUM
1013 359 1243 393 MAGISTRI
1265 359 1469 394 FABRICE

431 468 688 514 quadratorum
706 480 727 504 a
743 471 830 504 xxm
842 471 899 505 die
916 468 1044 506 menfis
1057 470 1184 517 Mercij
1200 471 1285 506 anni
1298 476 1358 506 ‘'tc-
1372 473 1408 507 v‘
1421 471 1549 506 decimi
1561 470 1683 516 quarti
1699 471 1738 505 in

432 547 561 586 festum
578 550 698 586 Sancti
712 551 861 586 Mertini
875 552 1037 597 proxime
1050 552 1216 587 futurum
1229 553 1408 588 continen.
1422 553 1739 599 quadrigintorum

431 633 637 679 octuaginta
657 644 786 668 novem
809 634 941 679 pedum
958 634 1161 670 mensuram
1179 636 1332 681 capienti
1350 646 1416 681 pro
1433 634 1621 682 cujussibet
1637 635 1737 680 pedis

429 713 592 750 mensura
610 720 682 751 tres
699 716 864 751 denarios
881 718 1068 752 extenden.
1082 718 1120 752 in
1138 718 1290 763 pecunia
1307 719 1352 752 ad
1371 718 1406 764 vj
1426 719 1464 752 li.
1477 718 1502 764 ij
1518 721 1544 752 3.
1558 718 1597 764 iij
1612 715 1646 752 d.
1685 717 1737 752 Et

429 797 543 833 eidem
569 797 728 834 Roberto
753 810 819 844 pro
844 799 939 834 dicto
963 798 1025 834 suo
1050 800 1187 835 famulo
1211 801 1353 836 noviter
1378 801 1553 835 conducto
1577 801 1616 834 in
1641 801 1737 834 dicto

426 878 515 915 festo
539 879 660 915 Sancti
685 880 834 915 Mertini
856 882 895 916 in
917 882 1069 916 eundem
1093 882 1188 916 diem
1205 893 1300 917 anno
1317 884 1481 917 revoluto
1498 883 1653 927 capienti
1671 894 1735 927 per

427 974 562 998 annum
585 961 645 997 sex
668 963 777 997 libras
802 960 895 997 xxxa
912 965 939 997 3.
989 962 1042 998 Et
1063 964 1237 998 allocatur
1258 965 1370 999 eidem
1394 975 1460 1009 per
1484 964 1734 999 liberacionem

425 1045 555 1080 factam
576 1044 710 1079 Jacobo
730 1044 873 1090 Aysone
894 1045 957 1079 uni
981 1042 1029 1079 lie
1044 1043 1211 1091 prenteis
1228 1046 1267 1080 in
1288 1046 1417 1091 pannis
1434 1050 1470 1080 et
1487 1046 1591 1080 feodo
1608 1057 1631 1080 a
1647 1043 1735 1080 festo

424 1126 545 1161 Sancti
571 1125 721 1161 Mertini
747 1127 831 1161 anni
858 1131 918 1161 *tc-³
942 1129 978 1161 vc
1001 1127 1250 1173 decimiquarti
1276 1128 1314 1162 in
1339 1128 1492 1163 eundem
1518 1128 1613 1163 diem
1639 1139 1734 1163 anno

425 1208 587 1243 revoluto
604 1208 738 1253 capien.
756 1219 820 1253 per
837 1220 972 1243 annum
988 1209 1103 1255 xxxiij
1123 1212 1150 1243 3.
1167 1188 1227 1256 iii}r
1239 1207 1273 1244 d.
1297 1214 1333 1245 et
1354 1210 1515 1244 modium
1538 1209 1673 1245 farrine
1694 1211 1733 1245 in

421 1289 617 1336 septimana
641 1291 728 1336 xxvj
749 1293 775 1325 3.
792 1291 855 1336 viij
875 1288 909 1326 d.
960 1289 1012 1324 Et
1036 1291 1148 1325 eidem
1173 1302 1195 1325 a
1219 1291 1313 1326 dicto
1336 1289 1425 1326 festo
1442 1291 1564 1326 Sancti
1582 1291 1732 1326 Mertini

421 1374 506 1407 anni
530 1377 589 1408 wc*
608 1374 644 1408 v⁰
661 1373 907 1418 decimiquinti
928 1373 1069 1408 noviter
1093 1374 1268 1408 conducto
1290 1374 1329 1408 in
1353 1374 1506 1409 eundem
1524 1374 1619 1408 diem
1637 1385 1732 1408 anno

420 1456 582 1490 revoluto
607 1455 760 1500 capienti
792 1466 856 1500 per
885 1466 1020 1493 annum
1050 1456 1314 1503 quinquaginta
1343 1455 1471 1491 solidos
1501 1461 1537 1491 et
1568 1457 1730 1491 modium

419 1538 552 1573 farrine
569 1539 608 1573 in
623 1536 820 1583 septimana
836 1548 911 1573 xxv
928 1541 954 1573 3.
1005 1537 1057 1573 Et
1075 1539 1248 1574 allocatur
1265 1540 1379 1574 eidem
1397 1551 1461 1585 per
1477 1539 1728 1574 liberacionem

419 1620 550 1656 factam
567 1619 591 1654 J
592 1620 724 1655 ohanni
741 1619 872 1666 Diykis
891 1621 994 1656 alteri
1011 1618 1059 1656 lie
1074 1619 1241 1669 prenteis
1257 1633 1322 1667 per
1338 1622 1433 1656 idem
1451 1626 1593 1666 tempus
1611 1626 1647 1656 et
1664 1633 1728 1667 per

419 1704 539 1739 omnia
556 1706 598 1738 ut
614 1701 771 1738 Aisoune
787 1703 812 1750 lj
833 1705 859 1738 3.
877 1704 941 1750 viij
961 1701 994 1738 d.
1047 1703 1100 1739 Et
1125 1705 1299 1739 allocatur
1321 1704 1435 1739 eidem
1457 1715 1521 1749 per
1542 1704 1728 1739 liberacio-

417 1796 499 1820 nem
524 1784 655 1820 factam
681 1784 839 1820 Patricio
865 1785 1010 1821 Masone
1036 1786 1075 1820 in
1100 1786 1297 1821 mercedem
1321 1785 1375 1820 sui
1400 1786 1532 1820 laboris
1557 1786 1722 1820 undecim

417 1867 555 1903 dierum
590 1871 749 1911 tempore
782 1866 1011 1902 confectionis
1041 1866 1182 1902 secundi
1212 1878 1315 1902 arcus
1345 1868 1407 1913 xvj
1437 1870 1462 1901 3.
1494 1868 1557 1913 viij
1587 1865 1622 1902 d.
1673 1867 1724 1902 Et

416 1949 439 1983 J
441 1950 574 1985 ohanni
592 1948 737 1984 Masone
754 1950 793 1984 in
811 1950 1007 1985 mercedem
1027 1950 1159 1986 laboris
1176 1949 1230 1985 sui
1247 1962 1312 1996 per
1334 1956 1490 1996 quatuor
1510 1949 1725 1996 septimanas

415 2033 538 2067 eodem
556 2037 715 2077 tempore
731 2029 789 2067 xlti
803 2034 828 2067 ἔ.
867 2031 920 2067 Et
936 2032 1133 2068 Willielmo
1151 2033 1423 2080 Strathaquhyn
1440 2045 1505 2079 per
1522 2034 1616 2068 idem
1635 2038 1725 2068 tem-

415 2126 482 2160 pus
500 2127 564 2161 per
581 2126 691 2150 unam
703 2114 935 2160 septimanam
953 2115 1014 2162 viij
1030 2118 1056 2150 3.
1093 2115 1144 2151 Et
1158 2115 1392 2151 M‘Lachlane
1412 2128 1476 2161 per
1492 2127 1603 2151 unam
1621 2115 1726 2162 septi-

414 2209 556 2234 manam
574 2198 636 2245 viij
657 2201 683 2234 3.
736 2197 788 2233 Et
805 2197 980 2233 Duncano
998 2197 1189 2245 Bonyman
1206 2209 1272 2244 pro
1294 2199 1453 2244 quinque
1470 2199 1596 2234 diebus
1615 2199 1678 2245 viij
1698 2202 1724 2233 3.
