2044 2906
90 477 163 500 Nota.
203 475 259 499 Hoc
283 482 372 506 cogno·

90 517 145 533 men
156 509 228 533 Borin
237 509 296 532 duas
308 509 372 532 silla-

90 544 132 566 bas
145 543 224 571 habet,
243 550 261 565 s.
275 542 333 571 Bor,
345 546 371 566 et

90 577 128 605 Ja,
142 580 167 600 et
179 576 213 600 sic
225 576 272 606 legi
287 576 366 600 debet.

403 375 446 406 28
586 374 713 406 VITAE
738 372 1077 406 EPISCOPORUM
1099 370 1534 404 DUNKELDENSIUM.
1583 401 1588 406 ,

405 477 688 512 reverendissimi
705 477 817 522 patris
837 475 1004 511 Rodorici
1022 475 1133 510 Boria
1154 474 1308 519 episcopi
1328 472 1537 507 Portuensis
1559 477 1595 507 et
1615 473 1707 507 vice-

405 558 602 592 cancellarii
616 558 789 602 ascriptus
803 561 856 591 est
868 567 878 598 ;
897 557 1000 603 cujus
1013 555 1138 590 mediis
1151 566 1216 600 per
1230 554 1372 589 sixtum
1383 553 1520 599 Papam
1537 558 1707 598 quartum

402 639 441 672 in
458 637 746 672 Dunkeldensem
770 637 974 682 episcopum
997 641 1051 671 est
1069 639 1277 681 promotus;
1304 635 1502 680 Romaeque
1528 635 1605 681 ejus
1627 645 1708 668 con-

402 719 492 759 silio,
515 730 579 763 per
595 717 799 752 Alfontium
823 718 1027 763 episcopum
1048 717 1239 751 Civitaten.
1258 727 1303 751 ex
1320 717 1566 751 commissione
1585 715 1706 760 Papae,

402 798 650 833 assistentibus
664 809 783 833 secum
796 798 926 833 Sancto
943 798 1086 833 Oloren.
1100 802 1136 832 et
1150 797 1259 832 Petro
1272 798 1507 832 Mastaurien.
1522 798 1706 843 episcopis,

403 880 442 913 in
458 880 602 914 ecclesia
619 879 739 914 Sancti
752 879 776 913 J
777 879 876 914 acobi
891 879 1137 924 Hispanorum
1150 880 1189 913 in
1202 879 1301 919 urbe,
1314 879 1353 913 in
1370 879 1575 924 episcopum
1588 890 1708 913 conse-

404 965 521 994 cratus
539 964 603 1000 est,
621 971 715 994 anno
733 960 868 994 domini
885 960 1074 994 millesimo
1091 959 1444 1006 quadringentesimo
1465 960 1707 1006 octuagesimo

402 1046 540 1086 quarto.
575 1040 633 1075 Sic
650 1046 770 1075 tamen
787 1041 951 1086 pacificus
972 1052 1045 1075 non
1068 1045 1166 1081 erat3
1193 1051 1315 1086 ymmo
1338 1041 1451 1075 literis
1473 1041 1592 1086 regiis,
1614 1041 1709 1085 apud

404 1134 583 1156 summum
611 1122 819 1156 Pontificem
847 1126 883 1156 et
904 1121 1281 1156 reverendissimorum
1306 1126 1437 1155 coetum
1461 1122 1706 1162 cardinalium,

404 1215 444 1237 ac
465 1203 776 1238 constitutionibus
794 1203 1111 1248 parliamentorum
1124 1202 1237 1249 regni,
1251 1202 1296 1236 ob
1309 1203 1569 1247 promotionem
1582 1203 1708 1249 hujus-

403 1285 511 1324 modi,
524 1285 663 1319 rebellis
682 1289 717 1319 et
730 1284 891 1329 proditor
907 1288 961 1318 est
974 1284 1171 1318 declaratus
1184 1293 1194 1324 3
1214 1287 1249 1317 et
1262 1283 1438 1317 instanter
1455 1295 1551 1329 saepe
1569 1285 1706 1329 suppli-

404 1375 521 1404 catum
540 1374 593 1404 est
610 1369 730 1414 Papae,
744 1380 807 1414 per
821 1369 968 1415 Regem,
982 1368 1242 1414 promotionem
1258 1367 1467 1414 hujusmodi
1485 1372 1678 1403 retractare
1695 1378 1703 1401 :

406 1456 467 1488 sed
480 1455 664 1489 resistente
678 1454 772 1488 dicto
786 1453 1080 1492 vicecancellario,
1097 1463 1153 1486 res
1167 1453 1308 1499 integra
1321 1454 1527 1497 permansit.
1554 1452 1704 1487 Interim

407 1537 513 1570 etiam
533 1537 627 1581 apud
645 1536 792 1582 Regem,
810 1546 875 1579 pro
892 1539 993 1580 parte
1011 1534 1167 1580 Georgii,
1181 1545 1245 1579 per
1262 1534 1462 1569 Robertum
1475 1534 1629 1569 Lawder
1646 1535 1707 1569 do-

406 1618 543 1651 minum
558 1617 659 1657 Bass,
679 1615 829 1659 (Robert
846 1616 935 1650 with
953 1616 1014 1650 the
1032 1616 1126 1650 borit
1142 1615 1335 1662 quhyngar
1352 1616 1550 1662 vulgariter
1572 1627 1708 1650 nuncu÷

407 1699 545 1743 patum)
560 1703 613 1732 est
626 1698 747 1732 multis
762 1697 886 1731 mediis
904 1697 1153 1741 supplicatum.
1181 1696 1233 1731 Et
1247 1697 1341 1731 idem
1355 1696 1531 1742 Georgius
1544 1697 1706 1742 pontifex

408 1791 428 1813 a
442 1780 540 1813 curia
557 1778 712 1813 Scotiam
726 1779 882 1818 veniens,
894 1779 932 1811 in
945 1778 1062 1811 insula
1075 1777 1196 1812 Sancti
1214 1777 1398 1812 Columbae
1415 1778 1458 1811 de
1472 1777 1629 1811 Emonia
1646 1789 1707 1823 ap·

407 1862 541 1906 plicuit,
565 1861 627 1895 ubi
652 1865 695 1894 ut
719 1861 786 1894 loci
812 1860 1013 1894 ordinarius
1039 1858 1282 1894 favorabiliter
1305 1865 1359 1894 est
1383 1865 1567 1904 receptus3
1599 1860 1707 1895 bullis

407 1943 479 1977 suis
498 1947 580 1977 ante
598 1943 674 1988 ejus
692 1942 885 1976 adventum
903 1953 966 1986 per
983 1942 1117 1975 dictum
1136 1941 1334 1975 Robertum
1352 1942 1550 1976 executioni
1564 1943 1708 1977 deman-

407 2025 523 2057 datis:
558 2029 593 2058 et
622 2034 703 2057 cum
729 2023 921 2068 aliquando
947 2023 1040 2056 idem
1065 2022 1255 2063 Robertus,
1282 2023 1320 2057 in
1345 2024 1444 2058 curia
1469 2024 1702 2065 sollicitando,

403 2105 532 2149 januas
551 2103 693 2138 Caustri
709 2104 915 2138 Puellarum
934 2104 1099 2143 venisset,
1109 2103 1232 2138 favore
1244 2103 1443 2139 Alexandri
1461 2106 1572 2145 electi,
1590 2106 1704 2140 eidem

407 2186 586 2231 ingressus
613 2189 787 2231 negatur:
822 2186 1012 2230 aspiciente
1031 2184 1140 2231 Rege,
1164 2190 1200 2220 et
1222 2197 1286 2231 per
1311 2186 1504 2221 fenestram
1528 2187 1704 2227 audiente,
