2044 2906
585 403 712 434 VITAE
738 403 1075 435 EPISCOPORUM
1100 401 1532 434 DUNKELDENSIUM.
1666 401 1710 431 57

402 514 604 554 consuluit3
640 515 905 559 consultusque,
931 513 1134 549 Johannem
1160 514 1280 547 vocari
1307 512 1426 547 coram
1451 516 1546 546 certo
1571 512 1617 545 ad
1638 510 1704 545 hoc

399 596 593 630 constituto
610 596 852 630 commissario
866 596 985 630 vocari
998 596 1093 636 fecit,
1111 600 1146 630 et
1159 591 1306 640 propter
1318 595 1579 641 jurisdictionis
1597 595 1702 628 eccle-

399 678 550 711 siasticae
564 678 841 723 impeditionem,
852 679 1046 712 secundum
1060 678 1154 722 quod
1168 677 1266 711 bulla
1279 675 1317 710 in
1331 687 1433 710 coena
1448 673 1584 710 domini
1596 677 1702 715 canit,

398 760 742 793 excommunicatum
755 759 925 792 declarari
938 758 1094 793 obtinuit
1106 769 1115 799 3
1135 759 1290 803 quodam
1304 759 1347 792 de
1361 759 1494 792 nostris
1512 763 1700 797 asserente,

397 841 668 874 declarationem
685 840 904 886 hujusmodi,
921 840 1004 886 jure
1022 840 1294 879 contradicente,
1311 839 1485 885 injustam
1508 850 1593 873 esse.
1640 839 1701 872 Jo-

395 922 530 955 hannes
548 933 620 956 non
637 933 844 966 comparens
862 926 1056 956 contumax
1073 921 1276 966 appellavit,
1295 924 1330 954 et
1347 920 1492 955 interim
1510 921 1700 955 denuncia-

394 1008 455 1038 tur
472 1005 807 1038 excommunicatus.
843 1003 1077 1038 Contumacia
1093 1007 1129 1037 et
1142 1004 1280 1037 malitia
1297 1003 1544 1043 crescentibus,
1561 1015 1698 1048 proces-

394 1097 454 1120 sus
473 1091 692 1132 aggravatur
708 1091 744 1120 et
760 1091 1027 1132 reaggravatur.
1067 1085 1091 1119 J
1092 1086 1248 1119 ohannes
1267 1096 1331 1119 nec
1348 1086 1525 1120 mandatis
1543 1087 1697 1120 ecclesiae

391 1169 522 1212 paruit,
539 1179 603 1202 nec
620 1169 893 1213 appellationem
910 1172 1117 1213 prosecutus
1135 1172 1199 1208 est,
1216 1179 1360 1202 securus
1378 1169 1421 1202 de
1438 1168 1582 1202 brachio
1600 1180 1697 1202 secu-

390 1250 479 1290 lari;
498 1254 622 1284 contra
638 1251 744 1295 quod,
762 1250 985 1284 ecclesiastici
999 1249 1113 1284 facere
1132 1251 1188 1284 vel
1201 1251 1316 1284 dicere
1333 1261 1406 1284 non
1424 1250 1613 1290 audebant,
1627 1253 1694 1284 'nec

391 1332 467 1377 ejus
494 1332 642 1366 malitiae
667 1332 897 1377 acquiescere,
915 1336 1087 1377 tanquam
1105 1332 1224 1366 Deum
1242 1333 1419 1366 timentes.
1469 1331 1549 1376 Ipse
1572 1337 1692 1366 tamen

389 1403 573 1448 ecclesiam
599 1415 759 1460 quotidie
781 1426 862 1449 cum
885 1414 917 1448 ei
943 1415 1115 1459 placitum
1138 1414 1267 1454 fuerat,
1291 1419 1370 1448 tum
1393 1426 1475 1448 cum
1501 1416 1691 1459 postulato,

386 1502 465 1531 tum
483 1509 524 1531 eo
541 1497 696 1536 absente,
714 1497 854 1543 ingredi
872 1508 980 1531 ausus
1005 1501 1068 1530 est.
1105 1496 1157 1530 Et
1174 1497 1256 1530 licet
1274 1497 1460 1530 dominicis
1486 1497 1542 1529 vel
1559 1497 1691 1540 princi-

386 1579 524 1623 palibus
538 1579 649 1619 festis,
661 1580 699 1613 in
713 1579 910 1625 majoribus
929 1579 1058 1619 missis,
1070 1579 1257 1613 matutinis
1274 1580 1429 1623 vesperis
1448 1584 1483 1613 et
1501 1580 1579 1613 aliis
1592 1579 1690 1613 horis

386 1662 572 1701 canonicis,
591 1665 626 1695 et
644 1661 761 1694 missis
784 1661 935 1705 privatis
959 1672 1102 1705 semper
1125 1665 1300 1694 cessatum
1325 1665 1389 1700 est,
1413 1672 1434 1694 a
1454 1660 1545 1695 festo
1569 1660 1689 1695 Sancti

384 1742 548 1777 Nicholai
562 1743 600 1776 in
614 1743 828 1776 dominicam
846 1743 883 1776 in
897 1743 1007 1776 ramis
1025 1743 1226 1786 palmarum
1240 1754 1363 1787 usque,
1381 1743 1538 1787 quaerela
1554 1754 1618 1787 per
1631 1744 1689 1776 de-

382 1835 510 1858 canum
527 1824 730 1858 consulibus
748 1824 851 1870 regni
868 1823 973 1864 facta,
991 1825 1100 1858 misso
1118 1835 1260 1858 cursore
1282 1825 1392 1870 regio,
1411 1835 1474 1869 per
1495 1826 1615 1858 literas
1634 1836 1688 1858 re-

381 1907 458 1952 gias
489 1906 582 1940 idem
613 1905 636 1939 J
638 1906 795 1940 ohannes
826 1906 1038 1940 admonetur
1068 1906 1246 1940 mandatis
1275 1906 1431 1940 ecclesiae
1467 1906 1618 1946 obedire,
1650 1912 1685 1941 et

381 1989 576 2033 campanile
606 1989 702 2033 quod
733 1989 871 2031 (invitis
898 1989 1031 2023 decano
1061 1993 1098 2023 et
1128 1989 1297 2034 capitulo)
1328 1990 1482 2023 detinuit
1514 1991 1659 2024 reddere
1674 2001 1682 2030 ;

382 2076 417 2105 et
446 2071 495 2105 sic
522 2082 594 2105 non
612 2070 692 2111 Dei,
713 2071 775 2105 sed
791 2071 962 2115 principis
990 2071 1129 2110 timore,
1153 2071 1317 2115 permissi
1342 2075 1427 2105 sunt
1450 2073 1683 2112 ecclesiastici,

379 2153 512 2198 absque
529 2152 552 2187 J
554 2153 704 2187 ohannis
722 2154 857 2199 injuria
874 2157 909 2187 et
926 2153 1195 2198 inquietatione,
1212 2153 1318 2187 horas
1336 2154 1520 2188 canonicas
1546 2159 1582 2189 et
1599 2156 1683 2189 mis-

382 2247 437 2270 sas
449 2235 645 2276 celebrare3
664 2247 728 2270 nec
746 2236 788 2269 de
806 2235 1026 2270 absolutione
1043 2240 1078 2269 et
1091 2236 1300 2280 poenitentia
1317 2241 1370 2270 est
1383 2237 1586 2280 quaesitum.
1613 2237 1681 2272 Sed

1015 2326 1044 2351 H
