2106 2894
447 379 496 416 90
733 374 1001 409 COMPOTUM
1021 374 1255 409 MAGISTRI
1275 374 1474 409 FABRICE

444 486 628 522 esculentis
652 491 687 521 et
709 487 908 531 poculentis
933 486 1019 521 bina
1044 487 1121 522 vice
1141 490 1280 532 portan.
1304 488 1434 522 calcem
1457 487 1504 522 ad
1525 485 1637 521 Perth
1657 486 1709 533 xij
1727 488 1753 521 ἔ.

442 568 495 605 Et
505 566 554 604 lie
558 566 739 616 pynouris
750 568 789 602 in
802 568 1035 613 deplicionem
1045 566 1166 614 symbe
1177 573 1213 603 et
1223 567 1502 614 asportaeionem
1515 570 1561 604 ad
1574 568 1751 603 Bothame

441 652 545 687 calcis
571 651 705 697 capien.
731 661 796 696 pro
822 650 940 684 celdra
965 651 1004 685 in
1029 649 1108 686 suas
1134 652 1313 686 mercedes
1338 651 1469 686 laboris
1495 651 1558 697 viij
1587 653 1613 685 3.
1633 650 1697 697 viij
1716 648 1750 684 d.

439 733 491 769 Et
508 734 681 769 auocatur
697 733 812 768 eidem
829 743 894 778 per
911 733 1130 778 empcionem
1148 734 1341 769 octodecim
1358 734 1559 769 celdrarum
1572 737 1608 768 et
1620 743 1750 767 novem

439 817 616 852 bollarum
633 815 737 850 calcis
754 815 873 860 precio
890 815 983 850 bolle
1000 816 1188 851 duodecim
1205 815 1306 851 solidi
1323 817 1509 851 extenden.
1535 816 1575 850 in
1600 816 1749 861 pecunia

437 899 483 934 ad
500 898 537 944 xj
557 899 594 933 li.
611 898 637 944 ij
657 900 683 933 3.
701 899 740 932 ix
755 895 793 932 d.
842 897 894 932 Et
916 898 955 932 in
972 895 1020 932 lie
1036 896 1185 944 uncqstis
1205 910 1231 934 x
1248 901 1273 933 3.
1291 899 1328 945 xj
1347 896 1382 933 d.
1433 898 1486 933 Et
1511 910 1574 944 per
1598 899 1750 943 empcio-

436 992 518 1016 nem
543 979 691 1016 sedecim
715 981 915 1015 celdrarum
939 981 1043 1015 calcis
1068 981 1188 1025 precio
1211 981 1327 1015 celdre
1354 991 1473 1015 merca
1496 981 1684 1015 extenden.
1710 980 1749 1015 in

434 1062 586 1106 pecunia
602 1062 647 1096 ad
663 1072 688 1095 x
701 1061 738 1095 li.
751 1060 816 1107 xiij
832 1063 858 1095 3.
876 1039 929 1107 i‘irij
944 1059 980 1095 d.
1022 1060 1075 1095 Et
1091 1062 1130 1096 in
1146 1059 1194 1096 lie
1210 1059 1359 1107 uncqstc‘s
1376 1062 1426 1108 vij
1442 1064 1468 1096 3.
1482 1072 1508 1095 x
1519 1059 1554 1095 d.
1593 1060 1646 1096 Et
1663 1062 1748 1095 allo-

433 1148 536 1179 catur
547 1143 713 1179 eidemin
726 1140 774 1178 lie
786 1141 949 1189 euhagis
961 1144 1065 1179 calcis
1078 1144 1155 1191 lviij
1171 1147 1196 1179 3.
1239 1143 1291 1180 Et
1305 1156 1372 1190 pro
1384 1144 1488 1180 firma
1501 1144 1629 1179 domus
1643 1144 1747 1178 calcis

431 1227 470 1261 in
480 1225 592 1261 Perth
606 1226 656 1272 xij
670 1229 697 1261 3.
722 1225 774 1261 Et
785 1226 958 1261 allocatur
970 1226 1084 1261 eidem
1098 1227 1137 1261 in
1151 1226 1371 1272 empcionem
1387 1226 1485 1261 mille
1502 1224 1746 1261 sexcentorum

392 1331 401 1340 .
430 1306 478 1343 lie
493 1305 696 1354 plane-beor
712 1306 811 1343 nuile
834 1309 989 1343 duorum
1006 1309 1160 1344 millium
1177 1309 1417 1356 quadraginta
1433 1306 1483 1343 lie
1499 1306 1572 1343 dur
1589 1305 1688 1344 nuile
1710 1313 1746 1343 et

429 1390 612 1437 sexaginta
635 1388 683 1425 lie
707 1388 851 1425 windok
875 1389 973 1425 nuile
997 1391 1115 1436 precio
1137 1391 1250 1438 xxxvj
1270 1394 1296 1426 3.
1314 1392 1339 1438 ij
1359 1389 1394 1426 d.
1445 1390 1497 1425 Et
1513 1402 1578 1436 per
1594 1391 1747 1436 empcio-

428 1484 511 1509 nem
527 1474 807 1519 quingentorum
820 1470 868 1507 lie
879 1483 1032 1519 garrow
1050 1472 1147 1509 naile
1164 1486 1210 1509 ex
1222 1473 1335 1509 Perth
1352 1474 1472 1519 precio
1482 1484 1600 1509 merca
1614 1474 1744 1508 ducen-

429 1560 549 1590 torum
566 1552 613 1590 lie
631 1553 839 1602 plane-honr
856 1553 954 1590 maile
970 1561 1043 1591 tres
1060 1555 1162 1591 solidi
1185 1560 1221 1591 et
1238 1557 1472 1591 ducentorum
1491 1553 1540 1591 lie
1556 1553 1630 1590 dur
1646 1553 1744 1591 naile
1798 1576 1801 1579 ·

429 1638 621 1672 octodecim
656 1638 792 1673 denarii
820 1639 1006 1673 extenden.
1036 1639 1075 1674 in
1104 1639 1207 1674 totali
1240 1638 1391 1683 pecunia
1421 1639 1467 1672 ad
1501 1638 1576 1685 xvij
1606 1641 1632 1672 3.
1658 1650 1683 1673 x
1708 1636 1742 1672 d.

429 1718 480 1754 Et
496 1720 669 1754 allocatur
686 1720 799 1754 eidem
818 1732 882 1764 per
904 1721 1156 1756 liberacionem
1179 1720 1312 1756 factam
1330 1720 1471 1755 Thome
1487 1720 1645 1766 Wrycht
1667 1732 1742 1755 car-

426 1802 589 1847 pentario
602 1802 774 1837 conduct-0
792 1803 831 1837 in
847 1800 935 1836 festo
949 1801 1070 1837 Sancti
1085 1802 1237 1837 Martini
1250 1803 1288 1836 in
1301 1802 1428 1847 hyeme
1445 1803 1483 1836 in
1497 1812 1591 1836 anno
1604 1802 1740 1836 domini

425 1880 611 1919 millesimo
621 1881 902 1930 quingentefimo
914 1884 1103 1918 undecimo
1121 1884 1256 1929 capien.
1273 1895 1338 1928 per
1350 1895 1485 1918 annum
1500 1884 1740 1930 quadraginta

425 1977 560 2001 mercas
574 1966 617 2001 de
634 1965 765 2011 quibus
783 1977 805 2000 a
821 1966 1018 2012 graniterio
1035 1966 1190 2001 celdram
1207 1965 1342 2000 farrine
1361 1970 1396 2000 et
1415 1970 1495 2001 octo
1513 1965 1626 2001 bonas
1640 1967 1738 2001 ordei

422 2058 490 2092 pro
507 2048 693 2083 duodecim
710 2049 837 2083 mercis
855 2048 1041 2084 annuatim
1058 2049 1096 2083 in
1114 2049 1327 2093 completam
1342 2046 1556 2083 solucionem
1573 2047 1626 2083 sui
1644 2060 1736 2083 mer-

423 2130 518 2165 cedis
539 2130 673 2166 laboris
696 2142 718 2165 a
740 2132 836 2167 dicto
859 2131 1013 2166 termino
1036 2129 1096 2166 sue
1121 2131 1367 2166 conductionis
1391 2131 1431 2166 in
1455 2129 1585 2166 festum
1612 2131 1734 2167 Sancti

422 2210 571 2249 Mertini
597 2214 758 2259 proxime
783 2214 949 2249 futurum
974 2214 1161 2249 extenden.
1187 2215 1233 2266 ad
1266 2214 1355 2250 duos
1378 2203 1497 2249 annos*
1514 2214 1673 2261 integros
1694 2214 1733 2248 in
