2044 2906
390 364 432 394 50
568 362 694 394 VITAE
720 362 1058 394 EPISCOPORUM
1082 359 1516 394 DUNKELDENSIUM.

397 474 535 508 circiter
558 484 692 508 mercas
709 474 959 514 continentem,
983 478 1019 507 et
1035 473 1097 507 ubi
1115 471 1228 507 defuit
1245 472 1341 506 illius
1364 481 1513 505 summae
1529 470 1696 515 pecuniae,

396 555 627 601 obligationes
645 555 845 589 debitorum
862 554 1021 595 tradidit,
1044 554 1090 588 ad
1107 554 1238 588 dictam
1255 563 1433 587 summam
1451 562 1532 586 cum
1549 552 1699 597 pecunia

395 638 630 672 ascendentes.
678 636 754 671 Nos
785 647 870 670 vero
900 641 1114 677 executores,
1144 636 1308 682 pontifice
1338 640 1375 670 et
1401 635 1546 669 domino
1575 638 1699 668 nostro

396 719 598 759 mandante,
617 719 655 753 in
673 719 833 753 custodia
850 718 987 753 Prioris
1005 719 1132 753 domus
1156 717 1329 752 Cartusiae
1346 717 1585 763 deposuimus.
1619 716 1698 750 Hac

394 811 432 834 re
449 805 529 835 tuto
546 800 679 840 relicta,
695 800 842 834 domum
859 800 1012 840 rediit,et
1030 800 1196 845 capitulo,
1214 799 1370 834 crastino
1387 798 1507 833 Sancti
1522 798 1699 838 Nicholai,

397 894 490 916 anno
511 883 683 928 praedicto
700 882 888 915 millesimo
905 882 1191 926 quingentesimo
1209 881 1345 915 decimo
1361 885 1502 926 quarto,
1526 879 1673 925 praefuit
1689 890 1698 920 3

399 964 569 1008 finitoque
586 963 741 1008 capitulo
759 963 868 997 nobili
887 963 965 996 viro
983 963 1115 997 decano
1135 973 1201 997 suo
1217 963 1400 1007 praedicto,
1427 962 1529 1009 cujus
1552 973 1597 995 ex
1619 973 1701 996 con-

399 1046 477 1079 silio
494 1045 615 1079 domui
638 1056 710 1079 suae
728 1042 783 1088 (ut
801 1045 980 1089 apostolus
998 1045 1113 1090 docet)
1131 1044 1220 1078 bene
1237 1044 1438 1089 disponens,
1457 1054 1523 1089 pro
1540 1044 1702 1078 custodia

395 1127 518 1172 palatii
544 1128 587 1161 de
610 1126 789 1166 Dunkeld,
814 1127 927 1160 dictos
953 1127 996 1160 de
1022 1126 1171 1171 Capeth,
1193 1125 1309 1166 Alith‚
1333 1125 1491 1160 Londeif
1512 1130 1548 1160 et
1570 1125 1701 1159 Ferde-

396 1210 545 1249 schawe‚
567 1220 631 1254 per
648 1213 802 1254 quatuor
819 1213 949 1253 partes,
973 1219 1055 1242 cum
1073 1208 1305 1243 servitoribus
1328 1208 1374 1242 ad
1396 1208 1464 1242 hoc
1485 1208 1702 1247 necessariis,

399 1291 559 1325 custodes
586 1291 775 1330 ordinavit,
802 1302 843 1324 ea
868 1291 1076 1330 intentione,
1102 1294 1144 1324 ut
1169 1290 1250 1324 sede
1276 1290 1353 1336 ejus
1383 1294 1497 1324 morte
1521 1294 1701 1329 vacatura,

399 1373 521 1407 decani
543 1377 578 1407 et
600 1373 746 1417 capituli
770 1372 939 1406 mandato
962 1372 1086 1417 palatii
1104 1371 1265 1406 custodes
1289 1370 1482 1406 obedirent.
1534 1370 1701 1405 Archidi-

398 1465 558 1494 aeonum,
582 1465 626 1488 ex
647 1465 766 1488 sorore
789 1458 964 1498 nepotem,
981 1453 1155 1487 familiam
1177 1458 1307 1493 tenere,
1330 1458 1366 1487 et
1388 1454 1513 1487 saltem
1536 1453 1699 1498 proximo

400 1536 534 1570 Christi
558 1535 757 1569 nativitatis
775 1540 933 1580 tempore
957 1535 1052 1579 apud
1071 1534 1252 1575 Kinwaid,
1274 1546 1355 1568 cum
1379 1535 1559 1569 sororibus
1582 1539 1618 1569 et
1638 1546 1705 1569 cae-

401 1618 486 1651 teris
510 1617 780 1663 consanguineis
803 1617 1007 1651 conviviare
1029 1617 1238 1651 mandavit:
1270 1616 1437 1651 Pontifex
1456 1628 1552 1658 vero,
1569 1618 1707 1662 reliqua

400 1709 480 1732 cum
504 1697 650 1737 familia,
673 1697 888 1732 fortalicium
906 1698 950 1731 de
973 1697 1100 1743 Clony‚
1128 1699 1245 1732 locum
1270 1698 1503 1743 episcopalem
1524 1699 1706 1733 meliorem

408 1785 442 1814 et
460 1780 586 1813 melius
610 1780 890 1819 custodiendum,
912 1791 977 1814 suo
997 1780 1161 1826 regimini
1181 1780 1353 1820 retinuit;
1381 1791 1486 1825 quem
1506 1781 1621 1814 locum
1640 1782 1708 1815 cla-

411 1872 485 1895 vem
505 1861 598 1895 sedis
617 1860 879 1895 Dunkeldensis
898 1861 1016 1894 vocari
1034 1861 1178 1895 solebat.
1225 1861 1300 1895 Nec
1317 1861 1367 1895 sic
1388 1862 1470 1895 licet
1491 1862 1707 1908 grandaevus

405 1944 646 1987 disposuisset,
659 1943 729 1977 nisi
742 1943 828 1988 quia
840 1942 863 1977 J
865 1943 1021 1977 ohannes
1035 1943 1200 1984 Stewart‚
1213 1944 1349 1978 domini
1362 1943 1386 1977 J
1387 1943 1537 1978 ohannis
1555 1944 1708 1979 Stewart

406 2026 449 2059 de
463 2024 630 2059 Stowixis
644 2026 768 2059 militis
786 2025 891 2066 filius,
909 2037 953 2059 ex
968 2026 1147 2066 Kinwaid,
1165 2026 1340 2071 pontificis
1358 2031 1514 2071 neptam,
1527 2027 1708 2062 dominam

408 2106 597 2141 Matildam
617 2106 640 2140 J
642 2107 836 2148 ohnesoun,
854 2108 1012 2142 relictam
1030 2108 1165 2142 domini
1182 2107 1206 2141 J
1208 2108 1357 2143 ohannis
1376 2109 1513 2154 Retray
1529 2110 1573 2143 de
1585 2110 1707 2144 eodem

409 2189 547 2229 militis,
566 2189 614 2225 vi,
636 2193 677 2223 ut
699 2189 831 2223 dictum
852 2188 979 2230 fuerat,
998 2190 1034 2223 in
1058 2189 1170 2234 Alpes
1188 2189 1360 2231 abduxit3
1396 2195 1432 2225 et
1457 2191 1625 2225 redeunte
1651 2191 1712 2225 do-
