2106 2894
695 385 865 419 PONTIS
887 384 1257 418 DUNKELDENSIS.
1561 385 1631 419 121

326 504 382 534 tro
398 499 484 534 ferri
502 499 564 545 viij
580 496 615 533 d.
633 503 670 534 et
685 498 901 533 correctione
917 498 1025 532 unius
1039 495 1087 531 lie
1102 494 1266 543 gavillok
1283 496 1307 541 ij
1323 493 1357 529 d.
1391 494 1444 529 Et
1461 494 1575 529 eidem
1592 497 1632 528 in

324 581 531 616 fractionem
547 584 584 615 et
597 580 853 615 confectionem
866 578 1049 626 sexaginta
1061 579 1176 614 decim
1187 576 1403 613 frustrorum
1417 576 1504 611 ferri
1515 576 1554 610 in
1562 575 1634 610 fer-

325 663 374 697 ris
390 667 552 697 rotarum
569 663 615 696 ad
631 673 744 696 novas
761 666 858 696 rotas
876 661 1118 696 confectarum
1136 661 1270 706 capien.
1288 671 1354 705 pro
1368 659 1527 705 quolibet
1544 656 1636 693 frus-

326 750 382 779 tro
400 749 442 778 ut
460 743 566 789 supra
582 745 767 778 extenden.
781 744 820 777 in
837 744 988 788 pecunia
1004 743 1050 777 ad
1062 742 1137 788 xlvj
1158 745 1184 776 3.
1202 742 1265 788 viij
1286 740 1321 776 d.
1374 741 1425 776 Et
1442 742 1555 776 eidem
1569 752 1636 786 pro

325 826 542 861 confectione
559 826 746 860 duodecim
763 822 812 859 lie
834 822 1058 859 dowlbandis
1073 828 1110 858 et
1135 827 1314 858 certorum
1339 824 1522 857 clavorum
1539 827 1635 858 rota-

1555 882 1580 896 or

327 1068 379 1103 Et
396 1069 510 1103 eidem
536 1079 602 1113 pro
619 1067 837 1102 confectione
864 1072 1042 1102 certorum
1059 1067 1238 1102 serrorum
1263 1067 1480 1101 tribulorum
1498 1071 1533 1101 et
1550 1077 1638 1101 van-

326 1162 455 1198 garum
480 1162 544 1196 per
568 1155 710 1195 tempus
735 1150 890 1194 compoti
915 1147 983 1184 xxtj
1004 1147 1039 1183 d.
1100 1149 1152 1184 Et
1177 1160 1242 1194 pro
1267 1146 1491 1194 impositione
1517 1149 1633 1183 decim

326 1231 375 1267 lie
400 1230 540 1277 busthis
565 1232 604 1277 iij
633 1234 659 1266 3.
710 1230 764 1265 Et
794 1231 833 1265 in
861 1231 1039 1265 bibalibus
1067 1232 1112 1265 ad
1137 1229 1269 1265 frustra
1291 1231 1451 1275 predicta
1467 1231 1492 1277 ij
1514 1234 1540 1265 3.
1557 1242 1583 1265 x
1599 1229 1633 1265 d.

327 1314 378 1348 Et
404 1315 576 1348 allocatur
601 1314 715 1348 eidem
740 1324 804 1358 per
828 1313 1078 1347 liberacionem
1107 1312 1239 1347 factam
1259 1312 1457 1357 M‘Canray
1479 1313 1638 1358 garcioni

327 1394 427 1431 miffo
440 1397 485 1430 ad
503 1396 632 1430 Pertht
649 1407 714 1440 pro
732 1395 889 1430 Patricio
908 1394 1053 1430 Masone
1070 1395 1221 1429 lathimo
1239 1395 1289 1440 vij
1308 1392 1342 1428 d.
1394 1393 1447 1428 Et
1465 1395 1638 1430 allocatur

329 1478 442 1512 eidem
468 1489 532 1522 per
558 1477 806 1512 liberacionem
831 1477 963 1513 factam
981 1478 1125 1512 verudis
1142 1478 1179 1512 in
1197 1477 1360 1523 gramine
1381 1481 1541 1522 tempore
1557 1476 1638 1512 esti-

330 1560 401 1594 vali
418 1559 445 1605 ij
464 1562 490 1594 3.
509 1560 571 1605 viij
591 1557 626 1593 d.
676 1559 729 1594 Et
759 1559 798 1593 in
815 1560 1036 1604 empcionem
1056 1560 1165 1594 unius
1188 1556 1235 1593 lie
1254 1556 1419 1605 gavillolc
1441 1570 1464 1593 a
1480 1558 1637 1594 Patricio

328 1641 458 1687 Eruyn
475 1642 561 1676 ferri
580 1653 603 1676 v
620 1644 647 1676 3.
697 1641 750 1676 Et
767 1642 939 1676 allocatur
962 1643 1078 1677 eidem
1102 1643 1142 1676 in
1166 1642 1386 1687 empcionem
1408 1646 1564 1687 quatuor
1588 1640 1637 1676 lie

332 1722 459 1769 hamys
476 1723 566 1769 varij
594 1724 703 1769 precij
729 1723 779 1769 xij
798 1720 834 1757 d.
884 1723 937 1758 Et
965 1725 1137 1758 allocatur
1162 1724 1276 1758 eidem
1301 1735 1365 1769 per
1390 1724 1638 1758 liberacionem

329 1806 459 1840 factam
478 1805 659 1850 Stephano
677 1803 855 1850 Lindesay
871 1816 937 1850 pro
956 1805 1165 1850 implecione
1181 1803 1230 1840 lie
1251 1803 1421 1851 lamffiail
1443 1816 1488 1840 ex
1512 1806 1639 1851 lapidi·

330 1889 397 1924 bus
414 1893 451 1924 et
475 1889 622 1933 pulvere
640 1889 702 1922 xix
720 1890 746 1922 3.
798 1887 850 1922 Et
875 1889 1048 1923 allocatur
1072 1888 1188 1922 eidem
1212 1899 1276 1933 per
1297 1888 1546 1923 liberacionem
1567 1888 1639 1923 fac-

331 1975 404 2005 tam
422 1970 619 2005 Willielmo
631 1970 656 2004 J
656 1968 811 2005 ohnsone
827 1970 979 2005 lathimo
990 1971 1030 2005 in
1046 1971 1242 2005 mercedem
1259 1970 1390 2006 laboris
1407 1969 1460 2006 sui
1473 1969 1636 2006 existenti

331 2053 370 2086 in
394 2053 553 2097 querella
576 2057 619 2087 ut
642 2053 796 2097 lapicida
815 2064 837 2087 a
861 2053 998 2088 decimo
1023 2057 1149 2088 octavo
1174 2054 1231 2088 die
1251 2051 1379 2088 menfis
1396 2053 1524 2099 Marcij
1544 2064 1638 2087 anno

334 2139 392 2167 *w*
409 2134 446 2167 v‘
461 2130 565 2178 xiiij¹⁰
581 2133 620 2167 in
635 2132 790 2180 xxiiijmm
806 2132 962 2180 ejusdem
981 2132 1109 2170 menfis
1125 2132 1294 2170 inclufive
1312 2135 1361 2181 vij
1376 2137 1403 2169 3.
1453 2133 1505 2169 Et
1522 2135 1636 2170 eidem

332 2213 527 2249 Willielmo
546 2214 635 2249 xxix
659 2213 814 2260 ejusdem
840 2213 968 2251 menfis
993 2215 1122 2262 Marcij
1146 2217 1185 2251 in
1210 2216 1406 2251 mercedem
1431 2216 1563 2252 laboris
1579 2215 1632 2252 sui
