2106 2894
397 342 443 378 92
725 333 989 368 cOMPo'rUM
1010 309 1239 366 MAGISTRI
1261 332 1460 366 FABmcE

395 447 533 483 sextum
564 446 654 481 Maii
684 447 844 492 proxime
874 450 1005 480 extunc
1031 445 1197 480 futurum
1227 445 1263 491 vj
1291 447 1317 479 ἕ.
1346 444 1399 491 iiij
1427 442 1461 479 d.
1512 443 1563 478 Et
1589 444 1703 479 eidem

398 529 537 565 Thome
554 530 592 564 in
609 529 712 563 feodo
728 527 790 562 suo
807 528 942 572 capien.
960 527 1200 573 quadraginta
1215 525 1343 561 solidos
1367 526 1553 561 annuatim
1577 537 1599 560 a
1615 524 1704 561 festo

398 609 645 647 Penthecostes
662 611 702 645 in
726 621 820 645 anno
837 610 973 644 domini
993 607 1177 643 millesimo
1194 606 1477 655 quingentesimo
1495 609 1704 643 duodecimo

397 696 435 729 in
451 692 581 728 festum
599 693 719 728 Sancti
738 692 887 727 Mertini
905 692 943 726 in
960 703 1062 737 yeme
1080 692 1118 726 in
1135 703 1229 726 anno
1242 692 1379 726 domini
1396 689 1584 726 millefimo
1602 692 1706 737 quin-

398 774 590 823 gentefimo
607 776 742 810 decimo
760 774 867 809 tertio
883 772 985 808 solut.
1004 785 1067 818 per
1093 778 1355 818 compotantem
1373 773 1412 819 iij
1432 774 1470 807 li.
1523 773 1574 807 Et
1592 774 1704 807 eidem

398 871 421 893 a
432 859 538 893 tertio
556 857 773 902 Septembris
790 856 876 891 anni
893 856 1045 901 predicti
1059 853 1332 902 quingentesimi
1346 855 1546 890 duodecimi
1560 856 1598 889 in
1612 856 1705 890 diem

399 940 570 987 presentis
589 941 742 985 compoti
765 937 934 975 inclufive
951 940 990 974 in
1015 937 1063 973 lie
1078 937 1219 984 dynner
1235 943 1271 973 et
1293 936 1541 982 nwffllzanlcis
1565 938 1706 973 absente

400 1024 556 1059 Domino
574 1024 608 1069 vj
629 1026 654 1057 ἔ.
669 1022 732 1068 viij
751 1020 786 1056 d.
830 1021 882 1056 Et
899 1008 1204 1055 allocatur'eidem
1220 1032 1285 1065 per
1302 1021 1552 1055 liberacionem
1574 1021 1707 1056 factam

400 1106 555 1140 Domino
567 1104 754 1139 Anthonio
767 1103 969 1138 M‘Dowale
987 1103 1116 1137 rectori
1133 1103 1177 1137 de
1196 1102 1500 1137 Kilmawewnoth
1518 1114 1540 1137 a
1557 1102 1708 1137 secundo

401 1189 457 1222 die
491 1185 619 1222 mensls
654 1186 872 1232 Septembris
902 1186 987 1220 anni
1015 1191 1076 1220 *tc*
1103 1187 1138 1219 vc
1163 1186 1363 1220 duodecimi
1393 1186 1430 1219 in
1457 1186 1707 1220 duodecimum

400 1270 423 1304 J
425 1271 488 1304 ulii
515 1271 599 1304 anni
622 1276 680 1304 ”tm
705 1271 740 1304 vc
761 1269 887 1303 decimi
910 1269 1009 1302 tercii
1031 1268 1209 1302 laboranti
1233 1279 1314 1302 cum
1337 1266 1400 1302 suo
1423 1267 1523 1302 servo
1544 1269 1637 1302 circa
1658 1266 1706 1302 lie

401 1350 585 1387 Bulwarlc
611 1349 763 1386 centreis
796 1356 832 1385 et
857 1348 1033 1384 brandeir
1062 1351 1195 1395 capien.
1223 1361 1288 1395 per
1318 1350 1412 1384 diem
1442 1351 1488 1384 ad
1515 1351 1707 1395 prandium

401 1435 604 1470 eorumdem
631 1433 771 1469 absente
797 1434 953 1468 Domino
980 1433 1250 1478 quatuordeeim
1278 1433 1440 1467 denarios
1463 1433 1650 1467 extenden.
1669 1434 1707 1467 in

402 1518 503 1552 totali
528 1517 664 1551 summa
689 1518 735 1551 ad
768 1521 911 1552 centum
937 1517 1199 1562 quinquaginta
1233 1520 1311 1550 octo
1348 1516 1422 1549 dies
1449 1516 1635 1549 extenden.
1671 1516 1709 1550 in

403 1599 552 1644 pecunia
568 1599 614 1632 ad
631 1599 669 1632 ix
680 1599 717 1632 li.
732 1576 783 1644 iffj
801 1601 826 1632 ἔ.
845 1598 896 1644 iiij
912 1595 946 1632 d.
990 1597 1042 1632 Et
1059 1599 1232 1632 allocatur
1249 1597 1364 1631 eidem
1377 1608 1441 1641 per
1459 1596 1710 1631 liberacionem

403 1681 533 1715 factam
563 1680 724 1716 waltero
748 1680 903 1726 Wrycht
932 1679 1033 1715 servo
1062 1681 1148 1715 dicti
1179 1680 1326 1714 Domini
1351 1679 1530 1714 Anthonii
1560 1680 1605 1713 ad
1635 1679 1712 1724 ejus

404 1774 540 1809 pannos
557 1760 623 1796 xx‘j
643 1765 669 1796 ἔ.
721 1762 772 1797 Et
789 1764 962 1796 allocatur
979 1763 1091 1797 eidem
1110 1774 1174 1806 per
1190 1762 1438 1797 liberacionem
1456 1761 1588 1795 factam
1601 1760 1712 1794 Alex-

406 1846 517 1880 andro
535 1845 737 1879 M⁶D0wa1e
760 1845 982 1889 carpentario
1005 1844 1163 1878 laboran.
1181 1855 1262 1878 cum
1290 1843 1432 1878 Thoma
1448 1842 1603 1887 Wrycht
1621 1843 1713 1877 circa

406 1926 453 1963 lz'e
482 1925 665 1961 Bulwarlc
696 1927 741 1961 ad
772 1925 902 1971 septem
937 1925 1150 1971 septimanas
1181 1926 1317 1971 capien.
1342 1926 1380 1960 in
1410 1924 1606 1970 septimana
1636 1929 1714 1959 octo

406 2009 532 2045 solidos
558 2010 742 2044 extenden.
775 2009 813 2043 in
836 2009 985 2053 pecunia
1008 2009 1053 2042 ad
1076 2008 1114 2054 iij
1134 2009 1171 2042 li.
1198 2009 1233 2054 vj
1254 2011 1279 2042 ἔ.
1298 2008 1360 2054 viij
1380 2005 1414 2042 d.
1466 2006 1518 2042 Et
1544 2008 1714 2041 allocatur

407 2093 521 2126 eidem
538 2103 602 2137 per
619 2092 868 2126 liberacionem
886 2091 1018 2126 factam
1035 2090 1059 2124 J
1061 2091 1193 2126 ohanni
1212 2090 1368 2136 Wrycht
1381 2091 1420 2125 in
1434 2090 1561 2136 Megill
1576 2101 1716 2134 compo-

408 2186 487 2209 nen.
505 2175 575 2210 tria
592 2175 693 2220 paria
709 2179 869 2210 rotarum
887 2178 923 2209 et
941 2175 1074 2220 capien.
1093 2175 1136 2209 de
1154 2174 1211 2209 die
1228 2173 1385 2209 Domino
1410 2173 1551 2208 absente
1569 2171 1716 2207 sedecim
