2106 2894
714 385 882 419 PONTIS
905 371 1276 418 DUNKELDENSIS.
1584 390 1653 423 133

351 497 558 531 cadulorum
584 495 860 531 sementinorum
887 508 951 542 per
980 501 1122 542 tempus
1149 497 1303 541 compoti
1331 496 1393 542 viij
1419 496 1444 530 ἔ.
1468 496 1505 529 ix
1525 493 1560 531 d.
1602 495 1653 530 Et

350 577 512 612 XValtero
529 578 609 612 Duf
622 590 687 623 pro
704 579 920 613 confectione
934 580 1125 613 octodecim
1143 577 1191 613 lie
1204 575 1456 623 barrowstelis
1473 582 1508 612 et
1522 588 1656 612 correc-

350 660 446 694 tione
463 658 511 695 le'e
527 658 643 694 burlis
667 672 732 705 per
747 661 840 695 idem
861 665 1002 705 tempus
1019 661 1083 695 xix
1099 659 1133 695 d.
1184 660 1237 695 Et
1259 662 1431 695 allocatur
1452 661 1566 695 eidem
1592 671 1655 705 per

349 742 597 776 liberacionem
608 742 740 776 factam
752 743 865 776 eidem
871 741 1033 776 Waltero
1045 743 1084 776 in
1095 743 1312 787 empcionem
1324 743 1653 787 quatuorcellarum

349 823 539 868 bigharum
558 828 594 858 et
611 823 865 858 confectionem
882 823 990 856 unius
1007 820 1055 856 lie
1072 821 1173 857 bodie
1190 823 1381 869 bigharum
1399 824 1424 869 ij
1444 826 1470 857 ἔ.
1488 835 1512 857 v
1529 822 1564 858 d.
1601 823 1653 858 Et

348 905 520 939 allocatur
533 905 647 939 eidem
659 906 696 938 in
708 905 926 949 empcionem
937 905 1048 939 trium
1063 903 1296 950 capistrorum
1308 905 1354 938 ad
1366 905 1517 938 verudos
1535 905 1653 949 precio

347 987 385 1032 iij
401 989 427 1020 ἔ.
461 986 512 1020 Et
530 988 702 1021 allocatur
712 987 825 1020 eidem
843 998 909 1031 pro
925 987 1140 1020 correctione
1157 987 1312 1031 pannule
1324 984 1505 1020 Thomson
1518 990 1554 1020 et
1567 987 1653 1020 dua-

351 1080 430 1102 rum
450 1067 664 1113 postelarum
683 1069 898 1102 verudorum
913 1073 948 1102 et
965 1069 1179 1102 correctione
1196 1069 1303 1103 unius
1318 1069 1401 1102 celle
1415 1068 1554 1113 Bernys
1568 1069 1607 1102 ix
1618 1066 1652 1103 d.

349 1151 400 1185 Et
417 1152 589 1185 allocatur
603 1151 715 1185 eidem
733 1162 798 1195 pro
812 1151 1026 1184 correctione
1041 1150 1152 1184 cimbe
1168 1151 1291 1196 lapidij
1305 1149 1459 1195 Capetht
1471 1150 1521 1196 xij
1540 1148 1575 1184 d.
1601 1149 1653 1184 Et

347 1245 411 1278 per
427 1234 674 1267 liberacionem
694 1232 825 1265 factam
839 1231 995 1266 Domino
1012 1231 1199 1266 Anthonio
1218 1231 1413 1267 M⁶Dowall
1430 1233 1651 1277 carpentario

346 1326 427 1349 cum
438 1313 500 1349 suo
511 1313 610 1348 servo
622 1314 784 1348 Waltero
795 1311 966 1348 existente
978 1314 1022 1347 ad
1034 1325 1122 1358 opus
1134 1315 1252 1358 pontis
1264 1315 1356 1348 circa
1366 1312 1414 1348 lie
1425 1312 1577 1348 centreis
1589 1326 1652 1359 per

347 1397 476 1443 viginti
490 1398 565 1431 dies
578 1397 627 1442 lvj
639 1398 665 1430 ἔ.
678 1397 740 1442 viij
755 1393 789 1430 d.
815 1395 867 1430 Et
881 1397 1052 1430 allocatur
1063 1396 1177 1430 eidem
1190 1396 1228 1430 in
1243 1397 1461 1441 empcionem
1475 1401 1651 1431 certarum

346 1481 575 1515 candelamun
600 1480 645 1513 ad
671 1476 849 1513 stabulum
867 1479 1084 1512 verudorum
1110 1483 1268 1524 tempore
1293 1479 1449 1523 hyemali
1475 1490 1539 1523 per
1565 1484 1654 1514 tem-

347 1573 413 1607 pus
433 1562 587 1606 compoti
605 1561 630 1607 ij
651 1563 676 1595 3.
689 1561 705 1607 j
725 1558 759 1594 d.
786 1559 838 1594 Et
849 1555 893 1594 'in
911 1560 1128 1605 empcionem
1146 1561 1416 1606 quatuordecim
1433 1559 1481 1595 lie
1484 1559 1652 1607 faldome

347 1645 534 1679 cordarum
552 1654 617 1688 pro
634 1640 682 1676 lie
699 1640 818 1676 thettis
835 1642 1052 1676 verudorum
1070 1643 1106 1688 vj
1126 1645 1151 1677 ἕ.
1178 1642 1230 1677 Et
1248 1644 1362 1678 eidem
1379 1644 1418 1678 in
1435 1643 1653 1689 empcionem

346 1727 453 1761 unius
472 1724 520 1760 lie
536 1723 622 1771 wfi)
639 1725 769 1759 calabis
786 1725 810 1771 ij
832 1727 857 1758 ἔ.
871 1725 934 1770 viij
954 1723 988 1759 d.
1040 1724 1091 1759 Et
1109 1726 1280 1760 allocatur
1297 1726 1514 1771 compotanti
1531 1738 1595 1771 per
1611 1727 1653 1760 li-

346 1809 568 1843 beracionem
586 1807 717 1842 factam
735 1806 758 1840 J
760 1807 892 1841 ohanni
910 1806 1016 1853 Rogy
1033 1818 1099 1851 pro
1116 1808 1292 1842 cedicione
1308 1809 1490 1854 lignorum
1513 1813 1548 1843 et
1564 1809 1653 1855 liga-

345 1893 444 1926 cione
462 1891 654 1925 eorundem
677 1900 743 1934 pro
760 1889 866 1927 domo
889 1889 1123 1923 lathimorum
1141 1900 1185 1923 ex
1207 1894 1309 1934 parte
1326 1888 1472 1925 australi
1489 1891 1532 1925 de
1550 1890 1652 1937 Taya

344 1973 559 2008 conficienda
587 1976 623 2006 et
650 1971 866 2006 confectione
894 1969 1050 2016 ejusdem
1079 1972 1117 2005 in
1147 1972 1343 2016 parietibus
1361 1973 1470 2018 tegite
1487 1973 1523 2007 et
1540 1974 1649 2019 tignis

345 2033 396 2099 {fij
426 2055 462 2087 li.
502 2049 566 2087 ‘Et
596 2054 767 2087 allocatur
797 2053 912 2086 eidem
939 2063 1003 2097 per
1029 2052 1278 2087 liberacionem
1308 2053 1439 2089 factam
1469 2053 1649 2098 Stephano

345 2216 405 2262 say
418 2228 483 2262 pro
501 2206 666 2251 ductione
678 2213 726 2250 lie
742 2213 875 2250 extreis
891 2227 955 2260 per
971 2220 1112 2261 tempus
1129 2216 1282 2261 compoti
1298 2216 1360 2261 xvj
1379 2213 1414 2250 d.
1452 2215 1505 2251 Et
1521 2217 1649 2252 alloca-

989 2306 1007 2331 S
