1964 2894
527 402 653 434 VITAE
679 404 1016 436 EPISCOPORUM
1040 398 1476 434 DUNKELDENSIUM.
1596 397 1637 430 17

337 504 418 538 dine
431 514 438 538 :
458 504 562 540 Vitro
574 507 754 540 decoravit
770 517 891 540 omnes
906 506 1078 540 fenestras
1092 506 1201 545 chori,
1215 508 1360 548 excepta
1374 502 1548 540 orientali,
1566 501 1639 534 suis

336 586 548 630 sumptibus,
571 588 658 621 emit
674 587 819 621 mitram
837 593 872 621 et
891 587 1054 622 baculum
1075 587 1288 632 pastoralem
1306 585 1395 619 satis
1413 583 1585 629 pretiosos
1603 586 1638 615 et

336 667 495 701 decentes
509 677 517 701 :
536 667 628 702 Erat
640 669 794 702 ecclesiae
808 665 959 714 magnus
972 667 1146 708 defensor,
1159 667 1294 701 auxilio
1305 665 1470 712 magistri
1483 663 1637 698 Donaldi

338 747 589 788 M‘Nachtane‚
601 749 670 782 viri
688 749 831 788 literati,
845 748 1078 782 Decretorum
1091 748 1256 787 doctoris,
1271 748 1394 781 decani
1411 746 1639 780 Dunkelden-

335 829 393 868 sis,
405 832 441 862 et
458 829 596 873 nepotis
609 828 695 862 dicti
712 829 866 874 episcopi
880 840 924 862 ex
941 840 1070 863 sorore.
1099 828 1169 862 Hic
1183 827 1361 862 Robertus
1380 828 1562 872 episcopus
1580 828 1638 860 de-

336 909 388 942 dit
410 909 449 942 in
472 909 705 950 excambium,
730 915 842 944 terras
865 910 909 944 de
933 909 1081 944 Cammo
1103 909 1198 943 infra
1218 909 1423 954 parochiam
1448 909 1491 942 de
1518 908 1638 942 Craw-

332 990 454 1030 mund,
472 1001 538 1034 pro
560 991 652 1024 turri
675 991 833 1036 ejusdem
850 995 886 1024 et
907 1002 1019 1035 parva
1035 991 1234 1036 quantitate
1257 995 1363 1025 terrae
1385 990 1633 1036 circumjacen-

334 1072 402 1111 tis;
421 1076 457 1105 et
474 1072 638 1105 similiter
655 1076 767 1106 terras
782 1073 825 1106 de
838 1072 943 1118 Logy
955 1083 1065 1117 prope
1082 1071 1356 1118 Dunfermeling
1374 1072 1412 1105 in
1425 1070 1631 1110 feodifirma,

333 1163 398 1197 pro
421 1130 540 1186 annuo
557 1153 700 1187 redditu
717 1154 869 1188 duarum
887 1165 1096 1193 merem-um,
1108 1154 1312 1198 irrequisito
1329 1153 1475 1197 capituli
1493 1163 1637 1186 consen—

331 1244 384 1267 su.
422 1232 474 1268 Et
490 1234 634 1268 tandem
651 1235 777 1279 plenus
800 1235 950 1275 dierum,
967 1236 1005 1268 in
1027 1235 1210 1279 proplexia
1235 1233 1431 1274 subitanee,
1454 1238 1490 1268 et
1506 1239 1548 1267 ut
1565 1234 1636 1267 dic-

333 1319 411 1348 tum
429 1319 483 1348 est
499 1314 752 1349 famulantium
770 1317 917 1357 incuria,
934 1328 979 1350 ex
995 1317 1085 1351 lecto
1102 1316 1240 1356 cadens,
1257 1316 1410 1350 moritur
1427 1316 1522 1360 apud
1534 1314 1636 1349 Dun-

332 1395 470 1435 kelden,
484 1396 619 1430 decimo
636 1401 736 1430 sexto
749 1396 773 1430 J
774 1398 925 1437 anuarii,
939 1408 1032 1431 anno
1045 1397 1180 1431 domini
1193 1397 1380 1431 millesimo
1393 1397 1631 1442 quadringen-
1657 1396 1696 1426 A.
1715 1395 1755 1426 D.
1773 1396 1866 1429 1436.

331 1478 457 1511 tesimo
474 1455 659 1523 trigesimo
684 1483 809 1518 sext03
837 1483 872 1512 et
889 1479 928 1511 in
945 1489 1010 1512 suo
1032 1481 1263 1512 monumento
1285 1476 1462 1521 lapidibus
1486 1478 1634 1521 sculpto,

331 1558 368 1590 in
382 1559 509 1591 sacella
521 1558 634 1592 sancti
648 1557 684 1591 N
686 1558 809 1598 iniani,
822 1569 930 1602 quam
944 1559 1018 1602 ipse
1033 1558 1243 1597 construxit,
1256 1556 1422 1591 fundavit
1436 1562 1471 1592 et
1484 1558 1632 1596 dotavit,

329 1639 520 1674 honorifice
539 1640 716 1684 sepelitur.
770 1639 837 1674 Cui
856 1641 1022 1674 successit

377 1859 783 1895 MAKNACHTANE
813 1862 1007 1902 Donaldus,
1042 1862 1275 1896 Decretorum
1309 1862 1441 1901 doctor,
1476 1862 1628 1895 decanus

330 1941 604 1983 Dunkeldensis,
617 1948 653 1977 et
666 1944 751 1977 dicti
766 1943 914 1978 Roberti
932 1944 1085 1988 episcopi
1103 1955 1211 1989 nepos
1229 1955 1273 1978 ex
1290 1954 1409 1978 sorore
1426 1943 1628 1988 praedictus,

325 2023 387 2066 qui
405 2033 468 2066 per
486 2024 683 2068 capitulum
701 2026 842 2065 electus,
862 2024 1063 2059 Romanam
1080 2025 1215 2059 curiam
1233 2036 1299 2069 pro
1316 2025 1484 2058 electione
1502 2023 1627 2058 confir-

327 2104 457 2137 manda
474 2105 587 2148 petiit.
632 2104 700 2139 Sed
718 2106 784 2139 iste
802 2107 858 2139 vir
879 2117 1032 2151 magnus
1055 2109 1091 2140 et
1107 2106 1231 2140 doctus
1249 2105 1445 2146 Donaldus,
1468 2110 1624 2150 tempore

321 2185 487 2219 avunculi
511 2186 577 2225 sui,
595 2191 803 2230 procurator
821 2191 856 2221 et
873 2187 974 2233 pugil
991 2187 1144 2222 ecclesiae
1161 2186 1232 2222 fuit
1248 2187 1287 2221 in
1305 2188 1455 2234 singulis
1478 2187 1622 2222 litibus:

973 2277 995 2302 C
