2106 2894
421 389 492 422 108
713 383 986 417 COMPOTUM
1008 383 1243 416 MAGISTRI
1264 382 1468 416 FABRICE

1033 676 1117 716 III.

647 846 956 888 MAGISTER
987 845 1245 887 FABRICE
1278 845 1495 887 PONTIS

931 985 992 1025 M.
1010 984 1062 1024 D.
1093 984 1216 1024 XIV.

418 1139 717 1187 COMPOTUM
738 1150 904 1199 Magistri
921 1151 1121 1188 Alexandri
1142 1153 1268 1199 Mylne
1285 1152 1457 1188 Canonici
1475 1152 1729 1187 Dounkelden-

414 1233 458 1270 fis
476 1246 517 1270 ac
534 1234 700 1282 Magistri
719 1236 870 1271 Fabrice
888 1235 1015 1271 Pontis
1039 1235 1194 1282 ejusdem
1217 1236 1398 1270 redditum
1422 1236 1518 1280 apud
1543 1235 1726 1270 Tullelum

413 1317 511 1352 sexto
527 1318 585 1352 die
601 1316 729 1353 menfis
748 1317 964 1353 Novembris
982 1329 1076 1353 anno
1095 1319 1230 1353 domini
1244 1316 1429 1370 millefimo
1443 1316 1726 1364 quingenteslmo

412 1400 548 1434 decimo
564 1405 694 1445 quarto
719 1401 774 1436 De
792 1401 958 1435 omnibus
982 1399 1053 1435 suis
1078 1400 1245 1446 Receptis
1269 1406 1305 1435 et
1329 1399 1505 1445 Expenfis
1529 1401 1574 1435 ab
1598 1401 1726 1435 ultimo

411 1488 575 1527 compoto
592 1482 653 1518 suo
671 1485 811 1519 reddito
829 1485 925 1529 apud
947 1483 1184 1519 Dounkelden
1207 1485 1322 1530 xvijm
1340 1485 1397 1518 die
1419 1482 1546 1518 menfis
1569 1483 1726 1519 Novem-

411 1566 484 1599 bris
502 1578 595 1601 anno
612 1568 749 1601 domini
768 1564 953 1601 millefimo
971 1565 1254 1614 quingentesimo
1272 1568 1408 1602 decimo
1426 1569 1537 1602 tercio
1571 1568 1725 1603 Audito-

411 1635 510 1682 ribue
534 1648 716 1695 Magistris
734 1649 757 1683 J
760 1650 868 1684 acobo
886 1649 1052 1684 Fentoun
1070 1655 1277 1695 precentore
1300 1649 1455 1696 Georgio
1475 1650 1590 1685 Ferne
1608 1651 1723 1685 archi-

409 1731 557 1765 diacono
573 1730 736 1766 Dominis
755 1731 950 1766 Willielmo
970 1732 1123 1767 Moneur
1141 1737 1178 1768 et
1195 1733 1340 1768 Thoma
1357 1733 1469 1779 Greig
1486 1735 1673 1768 canonicis.

459 1895 558 1930 Idem
576 1901 782 1941 compotans
799 1902 924 1932 onerat
939 1897 974 1932 se
991 1898 1034 1932 de
1052 1899 1114 1931 xlv
1127 1899 1162 1932 li.
1178 1898 1226 1942 vij
1243 1900 1268 1931 ἔ.
1283 1898 1357 1942 vij3
1376 1895 1410 1931 d.
1429 1899 1472 1932 de
1489 1896 1582 1932 resta
1601 1899 1717 1932 ultimi

408 1979 561 2023 compoti
579 1977 631 2013 sui
650 1980 779 2014 redditi
798 1984 839 2014 ut
857 1978 972 2024 supra.

871 2062 1020 2097 Summa
1037 2061 1126 2097 reste
1144 2067 1253 2108 patet.

454 2225 543 2260 Item
573 2225 672 2260 Idem
691 2230 898 2270 compotans
923 2232 1046 2262 onerat
1069 2227 1102 2262 se
1126 2228 1170 2262 de
1194 2228 1256 2273 viij
1276 2229 1311 2262 li.
1329 2229 1393 2274 xiij
1414 2231 1439 2263 ἓ.
1459 2231 1507 2275 vij
1527 2228 1561 2264 d.
1586 2235 1713 2275 recept.
