2044 2906
558 415 685 446 VITAE
711 414 1050 446 EPISCOPORUM
1074 411 1507 445 DUNKELDENSIUM.
1634 411 1674 442 61

376 536 457 558 rum
474 525 603 571 dignus
625 526 745 566 ult0r;
772 529 808 559 et
829 525 914 570 quia
930 535 975 558 ex
997 524 1170 558 nobilium
1191 521 1390 567 alpinatum
1407 521 1544 555 familia
1567 521 1674 567 origi-

375 618 457 640 nem
475 607 588 646 duxit,
606 607 806 647 incestuosi,
823 596 975 640 adulteri
992 609 1027 640 et
1044 604 1274 639 fornicatores
1292 604 1338 637 ad
1355 603 1596 637 correxionem
1614 613 1675 636 vo-

376 688 456 728 cati,
473 688 596 722 mitius
617 667 736 722 secuni
759 688 817 733 agi
838 692 1016 732 putantes,
1039 697 1121 720 suos
1145 686 1213 720 sibi
1234 685 1513 731 consanguineos
1535 685 1674 724 dicunt3

376 770 559 814 respondit
588 768 820 808 subdecanus,
849 768 929 801 ideo
959 778 996 801 se
1025 767 1065 801 in
1094 767 1296 800 animarum
1326 777 1474 800 suarum
1503 766 1676 799 medelam

377 851 503 884 acriori
515 850 722 884 correctioni
733 850 916 883 intendere
929 849 1040 899 velie3
1059 831 1156 893 quod
1172 847 1367 887 audientes,
1380 848 1569 893 sanguinis,
1583 858 1677 881 com-

377 932 589 966 munitatem
600 936 781 977 negantes,
799 942 858 965 eos
872 931 974 976 quasi
992 930 1144 964 aliorum
1159 940 1265 974 poena
1282 929 1483 974 plectendos
1502 928 1665 963 offerunt.

429 1175 734 1210 SUCCENTOR
758 1176 923 1210 dominus
947 1175 1068 1210 David
1090 1175 1276 1220 Balbirny,
1300 1186 1344 1209 ex
1366 1174 1504 1209 familia
1527 1175 1688 1222 Georgei-

377 1259 530 1303 episcopi
553 1262 715 1292 materna
740 1258 854 1292 eidem
878 1259 1051 1304 sanguine
1070 1258 1229 1304 junctus,
1254 1258 1310 1292 vir
1330 1258 1490 1298 devotus,
1516 1238 1690 1298 affabilis,

379 1340 565 1386 benignus,
583 1340 720 1374 socialis
734 1340 973 1386 jocundorum
991 1350 1128 1380 comes3
1156 1340 1266 1373 altare
1286 1339 1406 1373 Sancti
1420 1339 1603 1384 Stephani,
1621 1340 1679 1373 de-

378 1422 520 1456 votione
534 1421 655 1456 Sancti
670 1421 822 1456 Thomae
835 1422 1006 1461 martiris,
1017 1422 1198 1455 decoravit
1216 1421 1332 1466 palliis
1350 1425 1386 1455 et
1402 1421 1537 1455 missali
1554 1432 1680 1468 perga-

380 1503 498 1536 mineo
521 1514 652 1548 magno
675 1503 855 1537 volumine
881 1503 1034 1546 scripto:
1065 1501 1365 1536 Anniversarium
1388 1503 1495 1536 etiam
1512 1502 1677 1536 fundavit

378 1588 419 1617 ut
437 1584 576 1617 dicitur.

427 1828 842 1863 PRAEBENDARIUS
860 1830 903 1863 de
922 1829 1120 1875 Fonghort,
1138 1830 1195 1863 vir
1211 1841 1424 1876 magnarum
1442 1830 1626 1863 literarum
1643 1835 1679 1864 et

378 1911 535 1951 virtutis,
553 1910 729 1957 Magister
745 1910 865 1945 David
883 1911 1076 1951 Meldrum,
1097 1916 1213 1946 rector
1230 1912 1273 1945 de
1290 1911 1392 1945 Blair
1412 1912 1451 1945 in
1468 1910 1626 1951 Atholia,
1644 1916 1679 1946 et

378 1992 533 2026 officialis
552 1992 673 2026 Sancti
686 1992 844 2027 Andreae
857 1993 1074 2037 principalis,
1087 1993 1215 2039 majori
1233 1994 1337 2027 altari
1355 1997 1390 2027 et
1407 1993 1561 2027 ecclesiae
1578 1992 1680 2027 Dun-

378 2073 536 2107 keldensi
559 2074 706 2108 donavit
727 2074 814 2108 duos
841 2074 964 2108 calices
992 2079 1178 2120 argenteos
1204 2075 1403 2115 deauratos,
1429 2075 1517 2108 duas
1542 2074 1679 2119 phiolas

378 2162 574 2203 argenteas,
598 2161 634 2191 et
656 2169 766 2192 unam
789 2162 956 2203 patenam
981 2158 1158 2192 similacro
1184 2157 1305 2192 Sancti
1329 2158 1513 2193 Columbae
1538 2160 1679 2203 patroni

377 2244 560 2280 ornatam3
579 2242 713 2284 praeter
722 2238 970 2274 fundationem
987 2240 1124 2274 saceuae
1138 2239 1259 2274 Sancti
1276 2239 1460 2274 Columbae
1482 2241 1520 2274 in
1537 2241 1680 2274 ecclesia
