2106 2894
435 354 506 388 134
725 350 992 383 COMPOTUM
1013 350 1246 383 MAGISTRI
1266 350 1468 383 FABRICE

436 468 496 496 tur
520 462 634 496 eidem
660 462 698 496 in
725 462 944 506 empcionem
969 459 1017 495 lie
1037 458 1137 507 drqf
1160 462 1207 495 ad
1236 461 1390 496 verudos
1418 466 1578 506 tempore
1608 458 1745 495 estivali

435 544 676 579 deficientibus
694 543 816 578 avenis
834 543 951 577 medio
969 543 1040 577 diei
1057 543 1095 577 in
1116 540 1164 576 lie
1182 540 1259 576 hait
1278 542 1315 589 xj
1336 545 1362 577 ἔ.
1379 554 1405 577 x
1421 541 1456 577 d.
1506 542 1558 577 Et
1576 543 1747 577 allocatur

435 627 604 666 eidem-in
622 626 840 671 empcionem
858 626 1011 659 duorum
1031 636 1204 670 equorum
1223 626 1268 659 ad
1286 625 1413 671 bighas
1428 636 1451 659 v
1463 625 1501 659 li.
1515 625 1577 670 xvj
1593 627 1620 659 ἔ.
1634 625 1697 670 viij
1712 622 1746 659 d.

437 707 487 743 Et
506 709 543 742 in
562 706 721 753 expenfis
739 708 976 753 compotantis
994 708 1187 753 equitantis
1205 708 1251 742 ad
1268 707 1388 742 forum
1404 705 1668 742 Dumblanense
1680 718 1746 752 pro

434 789 560 826 eisdem
585 792 685 836 equis
709 790 867 825 emendis
885 801 908 824 v
926 793 951 824 ἔ.
1003 789 1055 824 Et
1072 790 1186 824 eidem
1203 790 1242 824 in
1258 788 1330 824 suis
1348 788 1507 835 expensis
1525 790 1682 824 venienti
1701 790 1745 823 ad

434 873 562 908 Pertht
578 884 644 918 pro
660 873 811 918 pecunia
828 873 872 907 ad
885 871 1152 907 sustentandum
1167 884 1256 918 opus
1269 873 1314 907 ad
1327 873 1416 907 duos
1430 884 1542 907 annos
1557 873 1745 917 preteritos

435 956 473 990 in
490 956 584 990 diem
602 954 772 1000 presentis
790 955 945 1000 compoti
963 955 1027 1000 xlij
1047 957 1073 988 ἔ.
1125 954 1177 989 Et
1200 955 1373 989 allocatur
1396 955 1510 988 eidem
1532 955 1571 988 in
1594 955 1747 998 empcio-

432 1048 513 1071 nem
541 1037 747 1083 octuaginta
775 1036 923 1071 sedecim
951 1035 1165 1071 frustrorum
1194 1036 1279 1070 ferri
1310 1037 1428 1081 precio
1458 1034 1582 1070 frustri
1612 1034 1744 1081 septem

432 1120 567 1153 denarii
587 1120 774 1154 extenden.
792 1120 829 1153 in
848 1120 998 1161 pecunia
1016 1120 1060 1153 ad
1083 1120 1172 1166 xviij
1192 1121 1218 1153 ἔ.
1236 1119 1299 1165 viij
1319 1117 1354 1153 d.
1406 1118 1457 1153 Et
1474 1119 1513 1153 in
1529 1116 1578 1153 lie
1596 1117 1745 1164 uncqsie's

430 1203 620 1236 eorundem
640 1202 678 1248 iij
698 1204 724 1235 ἔ.
742 1212 767 1235 ν
784 1199 819 1235 d.
873 1201 925 1236 Et
944 1203 1116 1236 allocatur
1138 1202 1249 1236 eidem
1273 1203 1310 1236 in
1334 1202 1554 1246 empcionem
1578 1203 1745 1236 tricento-

433 1296 512 1319 rum
538 1283 722 1331 sexaginta
747 1285 860 1318 decim
884 1284 1061 1319 ferrorum
1087 1296 1261 1330 equorum
1285 1296 1366 1319 cum
1390 1285 1500 1318 clavis
1520 1296 1585 1329 per
1600 1289 1742 1329 tempus

430 1366 583 1410 compoti
601 1366 691 1411 varij
711 1365 819 1411 precij
840 1366 1025 1400 extenden.
1044 1366 1083 1400 in
1100 1366 1251 1411 pecunia
1267 1367 1313 1400 ad
1331 1344 1383 1412 iiij
1399 1366 1435 1400 li.
1450 1344 1528 1411 xfirij
1545 1368 1571 1399 ἔ.
1584 1365 1600 1411 j
1616 1363 1650 1399 d.
1689 1365 1741 1401 Et

430 1449 467 1482 in
492 1448 722 1482 ferracionem
747 1449 901 1482 duorum
924 1449 1066 1493 parium
1090 1449 1256 1483 redarum
1281 1459 1345 1494 per
1368 1453 1509 1494 tempus
1528 1449 1683 1493 compoti
1701 1460 1741 1483 ac

430 1530 682 1565 confectionem
708 1529 857 1565 sedecim
883 1536 1066 1576 petrarum
1093 1531 1179 1566 ferri
1205 1533 1244 1566 in
1270 1533 1462 1566 earundem
1491 1531 1595 1566 ferris
1623 1532 1742 1576 precio

430 1609 615 1657 cujussibet
632 1613 724 1656 petri
743 1623 766 1646 v
784 1615 809 1646 ἔ.
828 1591 879 1659 iii}
900 1610 934 1647 d.
952 1613 1061 1647 unius
1083 1618 1119 1648 et
1137 1613 1284 1648 alterius
1303 1624 1326 1648 v
1344 1615 1370 1648 ἔ.
1389 1614 1425 1659 vj
1445 1610 1480 1647 d.
1498 1613 1685 1648 extenden.
1703 1613 1741 1647 in

430 1693 581 1737 pecunia
605 1694 650 1727 ad
676 1672 726 1740 iiij
752 1694 788 1727 li.
813 1694 875 1740 viij
901 1697 927 1728 ἔ.
979 1694 1032 1729 Et
1058 1695 1231 1729 allocatur
1256 1695 1371 1729 eidem
1400 1706 1465 1740 per
1493 1694 1743 1729 liberacionem

430 1774 560 1809 factam
584 1774 790 1810 Alexandro
815 1776 962 1822 Smytht
987 1777 1089 1812 fabro
1119 1778 1158 1811 in
1180 1777 1418 1812 Dounkelden
1439 1788 1505 1822 pro
1527 1777 1742 1811 correctione

429 1856 605 1891 serrorum
623 1857 790 1891 redarum
808 1858 851 1891 de
872 1869 967 1892 novo
990 1858 1085 1893 ferro
1109 1859 1345 1904 compotantis
1369 1862 1405 1892 et
1429 1858 1577 1903 antiquo
1600 1869 1742 1903 compo-

430 1938 539 1972 tantis
556 1949 619 1983 per
636 1942 777 1983 tempus
795 1940 950 1983 compoti
969 1939 1033 1984 xiij
1054 1942 1080 1973 ἔ.
1098 1918 1150 1985 i‘i'ij
1166 1936 1201 1973 d.
1244 1937 1296 1973 Et
1313 1939 1428 1974 eidem
1445 1950 1511 1984 pro
1529 1937 1576 1973 lie
1589 1937 1740 1973 removi&¹

428 2019 604 2054 serrorum
630 2019 846 2054 verudorum
869 2030 933 2064 per
956 2024 1098 2065 tempus
1122 2020 1276 2065 compoti
1296 2020 1332 2067 vj
1352 2023 1378 2054 ἔ.
1396 1998 1448 2067 isi]
1468 2017 1503 2055 d.
1554 2019 1606 2055 Et
1624 2020 1735 2055 eidem

428 2111 493 2144 pro
510 2100 727 2136 confectione
744 2099 791 2135 lie
808 2099 947 2147 bzfschis
963 2103 1130 2137 redarum
1148 2107 1184 2137 et
1202 2103 1416 2138 correctione
1431 2103 1661 2148 antiquarum
1675 2114 1739 2149 per

428 2183 521 2217 idem
539 2189 679 2229 tempus
698 2184 741 2219 de
759 2184 855 2220 ferro
872 2182 992 2220 nostro
1010 2185 1059 2231 vij
1080 2187 1106 2220 ἔ.
1124 2196 1148 2219 v
1165 2182 1199 2220 d.
1251 2184 1302 2221 Et
1320 2186 1494 2221 allocatur
1518 2179 1738 2230 compotanti
