2044 2906
550 408 676 438 vnum
702 382 1039 439 EPISCOPORUM
1063 401 1500 436 DUNKELDENsmM.
1620 401 1662 433 47

367 509 391 542 J
392 509 540 544 acobum
558 516 727 555 quartum
745 510 853 550 misit,
872 509 1082 554 promittens
1100 508 1215 542 multa
1236 506 1267 541 si
1285 510 1436 540 cessaret
1459 517 1480 539 a
1502 510 1667 550 support-

366 592 458 626 ando
472 591 657 626 Gallormn
671 592 830 639 Regem3
849 602 893 625 ex
910 579 1069 630 adverso,
1087 601 1109 624 a
1122 589 1234 624 Gallis
1250 588 1426 633 promissa
1442 591 1528 621 sunt
1545 598 1668 621 mune-

366 683 407 706 ra
424 677 460 707 et
477 685 578 708 arma
590 675 737 708 minime
754 673 951 708 observata.
976 672 1056 706 Rex
1072 677 1192 706 tamen
1205 670 1229 704 J
1230 670 1359 705 acobus
1377 673 1539 715 quartus,
1554 668 1666 704 Gallis

365 755 519 795 credens,
540 754 712 801 Angliam
732 754 876 793 invasit,
899 753 1103 788 Norehame
1125 757 1282 787 castrum
1300 752 1539 799 expugnando
1565 753 1668 796 cepit,

369 839 403 868 et
421 835 466 869 ad
483 835 701 880 quindenam
717 834 904 869 bellatores
923 833 1044 868 Gallos
1062 833 1292 879 exspectavit,
1310 833 1372 867 sed
1388 832 1534 867 frustra.
1564 833 1669 867 Tunc

366 927 480 950 comes
498 917 541 950 de
565 916 710 957 Suthra,
727 918 969 951 locmntenens
987 914 1191 962 Anglorum
1209 915 1331 961 Regis,
1348 914 1481 949 bellum
1498 914 1592 949 dicto
1609 914 1633 948 J
1634 925 1671 948 a-

365 997 450 1032 cobo
474 998 566 1044 Regi
590 997 730 1038 obtulit,
755 998 812 1032 cui
835 998 911 1043 ipse
935 996 1073 1037 annuit,
1098 1001 1134 1031 et
1154 997 1193 1030 in
1210 995 1421 1036 Flowdoun,
1446 1007 1527 1030 cum
1548 996 1671 1030 multis

363 1079 464 1124 regni
478 1079 667 1119 nobilibus,
681 1080 836 1113 crastino
853 1079 1054 1113 nativitatis
1072 1078 1187 1112 beatae
1205 1078 1367 1124 virginis,
1381 1089 1476 1112 anno
1488 1078 1670 1123 praedicto,

364 1161 498 1194 decimo
515 1161 631 1200 tertio,
652 1160 840 1201 occubuit3
868 1160 962 1194 inter
979 1170 1068 1205 quos
1086 1159 1191 1194 multi
1208 1159 1402 1193 familiares
1420 1159 1506 1193 dicti
1527 1159 1672 1204 pontifi-

363 1242 423 1280 cis,
435 1242 656 1276 ceciderunt:
675 1246 710 1276 et
722 1242 761 1276 in
774 1242 859 1276 dicti
874 1242 984 1288 Regis
997 1242 1126 1281 locum,
1140 1245 1328 1275 coronatus
1342 1245 1395 1275 est
1408 1241 1502 1275 filius
1515 1240 1540 1274 J
1541 1241 1670 1275 acobus

364 1323 522 1368 quintus,
537 1323 632 1368 apud
645 1322 851 1369 Striveling‚
865 1324 922 1357 die
936 1322 1056 1357 Sancti
1072 1323 1221 1362 Mathei‚
1233 1333 1327 1356 anno
1340 1322 1523 1367 praedicto,
1537 1332 1671 1356 annum

364 1409 400 1438 et
417 1405 575 1450 quinque
593 1416 730 1439 menses
748 1405 866 1439 aetatis
884 1416 959 1439 suae
977 1416 1096 1450 agens.
1127 1404 1208 1444 Quo
1226 1405 1421 1449 episcopus,
1439 1407 1475 1437 et
1492 1407 1670 1437 senectute

367 1484 462 1531 (quae
480 1486 625 1520 morbus
644 1487 711 1532 est)
730 1498 770 1521 ac
787 1491 888 1521 tanto
907 1486 1118 1520 calamitatis
1136 1490 1306 1530 tempore,
1326 1486 1479 1530 patriam
1497 1485 1670 1530 regimine

367 1571 402 1600 et
422 1567 617 1601 rectoribus
643 1568 853 1601 destitutam
874 1568 1006 1606 dolens,
1031 1578 1112 1600 cum
1138 1567 1257 1600 sedem
1283 1577 1384 1600 suam
1411 1566 1513 1600 annis
1541 1566 1671 1612 viginti

365 1657 494 1681 novem
518 1647 677 1687 rexisset,
700 1648 832 1682 calculo
852 1645 971 1692 (quem
989 1644 1037 1681 lie
1045 1644 1127 1693 felt
1143 1647 1253 1693 vulgo
1273 1646 1452 1692 dicebant)
1474 1647 1671 1690 depressus,

367 1730 535 1763 continuo
552 1741 665 1774 usque
682 1734 833 1764 mortem
852 1734 1003 1763 vexatur
1018 1739 1027 1770 3
1050 1734 1196 1774 propter
1213 1729 1320 1774 quod,
1338 1728 1456 1762 Deum
1474 1732 1550 1763 toto
1567 1729 1670 1762 corde

366 1810 544 1851 laudabat,
557 1811 717 1856 mihique
735 1812 902 1845 secretius
920 1811 1022 1851 dixit,
1041 1822 1078 1845 se
1096 1822 1118 1844 a
1134 1810 1280 1846 domino
1297 1810 1516 1850 exauditum,
1530 1810 1671 1854 petitio-

369 1903 451 1926 nem
477 1903 616 1937 semper
641 1893 680 1926 in
703 1893 777 1927 suis
802 1892 1022 1927 orationibus
1046 1892 1224 1933 habuisse,
1250 1897 1292 1927 ut
1314 1892 1373 1927 hic
1396 1892 1566 1926 continuo
1588 1896 1670 1925 ante

367 1978 518 2007 mortem
531 1978 767 2018 torqueretur.
794 1974 846 2008 Et
856 1975 1020 2019 quamvis
1035 1975 1133 2009 omni
1151 1985 1255 2014 anno,
1269 1978 1523 2009 testamentum
1536 1972 1670 2007 solebat

368 2056 512 2100 proprio
543 2056 754 2102 cirographo
779 2056 959 2096 conficere,
985 2057 1077 2090 sicut
1103 2060 1185 2100 post
1214 2060 1377 2096 mortem,
1401 2056 1589 2090 inventum
1616 2059 1670 2089 est

367 2149 481 2172 unum
502 2139 584 2172 talis
609 2138 755 2178 tenoris,
779 2141 800 2156 ‘⁶
818 2138 922 2178 DEO,
940 2137 1084 2184 Virgini
1108 2138 1286 2184 gloriosae,
1312 2142 1348 2172 et
1367 2142 1519 2182 patrono
1540 2137 1669 2172 Sancto

368 2219 560 2259 Columbae,
573 2220 729 2254 animam
742 2221 821 2266 lego
834 2230 843 2260 ;
862 2220 955 2255 bona
972 2219 1094 2255 Sancti
1105 2219 1298 2260 Columbae,
1316 2220 1406 2254 mihi
1420 2220 1670 2258 incumbentia,
