2044 2906
1147 419 1190 448 VI

515 528 633 558 torum
657 528 829 559 servatus.
882 524 1056 571 Ejusdem
1079 526 1160 560 libri
1184 527 1322 571 primus
1347 537 1527 571 possessor
1550 526 1660 560 fuisse
1678 526 1819 561 videtur

513 622 671 657 Thomas
697 623 808 669 Greig
831 624 1086 668 prebendarius
1112 625 1156 658 de
1178 623 1303 658 Alicht
1329 624 1516 659 dioeceseos
1541 624 1816 666 Dunkeldensis,

511 732 618 767 quem
631 722 669 756 in
681 722 749 756 hoc
766 722 857 756 libro
874 734 956 757 cum
973 723 1077 757 laude
1095 727 1347 758 commemorat
1364 727 1488 758 auctor
1505 727 1634 757 noster.
1678 722 1815 757 Deinde

510 822 548 855 in
561 832 688 855 manus
702 822 864 866 pervenit
877 821 1024 856 Domini
1038 820 1206 856 Gulielmi
1219 821 1371 856 Sinclair
1387 822 1430 856 de
1448 821 1585 862 Roslin,
1601 822 1740 862 Militis,
1751 822 1813 867 qui

510 921 641 954 multos
654 920 775 966 magni
791 920 895 964 pretii
908 920 1017 954 libros
1032 920 1156 966 coegit,
1170 931 1322 965 quorum
1336 921 1516 954 nonnullis
1530 920 1743 955 bibliotheca
1754 922 1814 955 illa

509 1020 761 1053 advocatorum
785 1019 898 1052 ditata
921 1023 983 1053 est.
1035 1018 1156 1053 Codex
1179 1019 1254 1064 ipse
1277 1019 1462 1053 minimam
1480 1020 1726 1053 auctoritatem
1745 1020 1811 1054 sibi

509 1123 663 1164 arrogat,
685 1122 816 1163 praeter
837 1118 1024 1162 scripturae
1046 1122 1189 1152 aetatem
1208 1119 1344 1153 auctori
1362 1119 1546 1163 aequalem.
1598 1117 1811 1163 Quanquam

508 1222 653 1252 ornatus
667 1229 739 1251 non
757 1218 985 1262 ineleganter,
1004 1221 1169 1251 exaratus
1187 1223 1307 1251 tamen
1325 1228 1399 1251 esse
1414 1217 1556 1251 videtur
1574 1228 1594 1250 a
1612 1217 1736 1256 scriba,
1756 1219 1810 1251 vel

506 1316 640 1362 linguae
655 1315 796 1350 Latinae
810 1316 986 1360 imperito,
1001 1316 1057 1349 vel
1070 1315 1383 1361 negligentissimo.
1423 1314 1505 1349 Non
1520 1316 1616 1349 aliud
1631 1317 1810 1360 exemplar

507 1415 637 1449 Latine
667 1418 805 1449 exstare
836 1415 991 1449 creditur
1009 1424 1017 1447 z
1055 1415 1294 1448 traductiones
1324 1415 1460 1459 aliquot
1491 1413 1645 1460 Anglice
1675 1414 1810 1448 M.S.S.

505 1518 695 1548 occurrunt
709 1512 874 1559 (quarum
893 1524 964 1547 una
983 1513 1076 1546 inter
1094 1517 1171 1546 acta
1189 1512 1365 1546 societatis
1384 1513 1667 1556 antiquariorum
1684 1512 1809 1546 Perth-

507 1614 599 1648 ensis
617 1614 722 1647 modo
743 1613 780 1646 in
804 1613 918 1646 lucem
943 1611 1054 1656 exiit),
1077 1622 1198 1645 omnes
1224 1616 1343 1645 tamen
1370 1611 1508 1644 minimi
1535 1611 1651 1655 pretii,
1673 1622 1716 1644 ex
1742 1611 1808 1645 hoc

505 1712 634 1745 vitioso
657 1711 850 1755 exemplari
876 1710 972 1744 haud
996 1710 1104 1744 dubie
1126 1710 1323 1754 descriptae,
1348 1710 1495 1755 ejusque
1520 1711 1666 1744 mendas
1687 1721 1808 1744 omnes

503 1821 648 1854 prorsus
667 1813 924 1843 conservantes.

550 1912 593 1946 In
605 1912 671 1945 hac
682 1911 882 1944 recensione
895 1914 1012 1944 errata
1023 1910 1187 1954 quaedam
1199 1909 1328 1954 prioris
1340 1910 1582 1949 emendantur,
1594 1910 1807 1954 paucissima

503 2024 547 2046 ex
561 2011 762 2057 conjectura
775 2014 974 2044 mutantur.
1014 2009 1085 2043 Ubi
1104 2010 1146 2043 de
1164 2020 1270 2042 sensu
1287 2009 1441 2043 auctoris
1459 2008 1554 2042 haud
1572 2009 1708 2053 liquido
1725 2020 1805 2043 con-

501 2110 629 2150 stabat,
647 2110 724 2154 ipsa
743 2108 851 2143 verba
872 2109 1062 2152 literasque
1084 2107 1316 2152 manuscripti
1335 2107 1418 2141 dare
1436 2108 1579 2152 placuit,
1598 2117 1802 2152 quanquam
