2106 2894
425 332 495 369 106
714 332 985 366 COMPOTUM
1006 321 1241 366 MAGISTRI
1263 333 1467 366 FABRICE

422 443 595 479 Omnium
609 443 822 479 Sanctorum
839 446 925 479 anni
940 451 999 480 'tc‘
1014 448 1050 480 v⁰
1063 446 1191 480 decimi
1204 446 1243 480 in
1255 446 1349 480 diem
1365 444 1589 480 Inventionis
1601 443 1730 478 Sancte

421 526 546 561 Crucis
571 527 610 561 in
636 538 729 561 anno
754 532 812 561 'ur
832 529 867 561 vc
885 528 965 574 xiij⁰
981 528 1075 562 diem
1098 527 1158 562 sue
1180 528 1445 562 exoneracionis
1467 527 1511 562 ab
1528 525 1732 573 hujusmodi

420 609 532 644 officio
555 610 740 643 extenden.
759 610 804 644 ad
826 621 960 644 annum
979 621 1060 644 eum
1079 610 1228 645 dimidio
1246 614 1281 644 et
1299 610 1434 655 capien.
1452 610 1547 644 dicto
1565 608 1589 643 J
1591 609 1731 643 ohanne

418 702 481 736 per
499 703 632 726 annum
652 692 740 726 citra
757 691 927 726 ferrinam
946 693 1187 738 quadraginta
1203 691 1331 727 solidos
1353 703 1377 726 v
1394 693 1430 726 li.
1482 691 1533 726 Et
1557 693 1731 726 allocatur

417 774 531 808 eidem
554 785 618 818 per
640 774 890 808 liberacionem
914 774 1045 808 factam
1069 774 1225 809 Domino
1250 774 1390 809 Thome
1415 774 1526 820 Greig
1547 778 1634 808 tunc
1652 785 1731 818 pre-

419 857 588 891 bendario
610 858 653 891 de
677 855 912 892 Fardesehaw
933 858 976 891 de
998 858 1169 892 mandato
1193 858 1329 892 domini
1352 869 1419 902 pto
1445 858 1540 892 dicto
1567 856 1731 891 Johanne

418 939 496 974 Fod
522 940 559 973 in
585 939 725 973 firmam
751 939 903 973 duarum
931 951 1094 973 acrarum
1120 944 1214 973 terre
1237 940 1280 973 de
1302 939 1442 973 duabus
1466 939 1569 973 bollis
1595 938 1730 972 farrine

416 1022 491 1067 xxij
522 1024 547 1055 ἕ.
605 1020 655 1055 Et
685 1022 858 1055 allocatur
888 1021 1002 1055 eidem
1032 1032 1096 1065 per
1126 1021 1377 1055 liberacionem
1408 1021 1539 1055 factam
1570 1020 1728 1054 Johanni

415 1103 570 1138 Stewart
601 1104 704 1137 alteri
730 1103 943 1137 veredorum
973 1102 1109 1137 custodi
1139 1104 1274 1148 capien.
1301 1104 1339 1137 in
1367 1114 1461 1138 anno
1488 1103 1729 1149 quadraginta

414 1185 542 1220 solidos
560 1190 595 1220 et
616 1197 637 1219 a
657 1186 752 1220 dicto
770 1184 857 1220 festo
882 1185 1055 1220 Omnium
1074 1185 1286 1220 Sanctorum
1305 1187 1343 1220 in
1361 1197 1455 1220 anno
1481 1190 1540 1219 *tc*
1560 1187 1595 1218 vc
1613 1186 1674 1218 xm⁰
1692 1186 1728 1219 in

413 1266 541 1302 festum
555 1268 726 1302 Omnium
746 1268 957 1303 Sanctorum
969 1269 1007 1302 in
1024 1280 1118 1303 anno
1137 1274 1196 1303 *tc*
1211 1270 1245 1302 vt
1260 1269 1349 1314 xiij⁰‚
1368 1268 1403 1314 vj
1420 1269 1457 1302 li.
1484 1267 1536 1302 Et
1554 1269 1728 1302 allocatur

415 1351 528 1384 eidem
554 1361 618 1395 per
648 1351 898 1385 liberacionem
928 1350 1060 1385 factam
1089 1351 1249 1385 Johanni
1280 1350 1428 1397 Sowlug
1460 1351 1504 1384 ad
1534 1350 1662 1397 bighas
1693 1355 1729 1384 et

414 1434 624 1468 veredorum
652 1432 848 1468 custodiam
877 1433 1034 1468 laboran.
1061 1439 1097 1468 et
1128 1435 1262 1479 capien.
1294 1446 1357 1479 per
1388 1434 1540 1480 triginta
1570 1432 1629 1467 sex
1653 1431 1729 1478 sep-

416 1516 568 1550 timanas
586 1516 624 1550 in
640 1514 837 1560 septimana
854 1521 933 1551 octo
956 1517 1118 1551 denarios
1145 1517 1331 1551 extenden.
1350 1517 1388 1550 in
1406 1516 1508 1550 totali
1527 1514 1664 1550 summa
1682 1516 1726 1549 ad

456 1575 480 1588 Οἳ

415 1679 542 1713 seniori
559 1684 718 1724 tempore
736 1680 954 1714 infirmitatis
977 1680 1131 1715 Stewart
1148 1692 1212 1725 per
1229 1692 1338 1715 unam
1357 1680 1591 1726 septimanam
1609 1680 1672 1725 viij
1691 1678 1725 1714 d.

415 1761 465 1796 Et
483 1762 655 1796 allocatur
682 1762 794 1795 eidem
822 1774 886 1806 per
909 1763 1159 1797 liberacionem
1177 1762 1310 1796 factam
1328 1761 1354 1796 J
1356 1763 1490 1796 ohanni
1508 1762 1724 1796 Senfindlaio

414 1843 497 1878 Scot
514 1843 559 1877 ab
583 1844 769 1877 undecimo
792 1844 881 1889 Maij
903 1845 948 1877 ad
966 1844 1093 1890 bighas
1117 1845 1156 1877 in
1172 1842 1300 1878 festum
1320 1844 1492 1878 Omnium
1512 1843 1722 1877 Sanctorum

414 1931 500 1959 tunc
516 1924 655 1970 sequen.
674 1926 749 1971 xxij
770 1928 795 1959 ἓ.
848 1925 900 1959 Et
917 1926 1090 1960 allocatur
1107 1926 1220 1959 eidem
1239 1937 1303 1970 per
1319 1926 1569 1960 liberacionem
1591 1925 1722 1960 factam

413 2007 568 2054 Georgio
586 2007 744 2042 Gromen
765 2009 853 2042 alias
865 2007 994 2042 Bernis
1012 2020 1034 2042 a
1052 2006 1140 2042 festo
1158 2008 1332 2043 Omnium
1344 2008 1557 2043 Sanctorum
1576 2009 1613 2042 in
1628 2020 1722 2042 anno

414 2094 472 2123 'ke‘
495 2090 530 2122 vc
551 2089 627 2135 xj¹¹¹⁰
649 2082 688 2123 in
713 2090 807 2123 idem
833 2087 961 2123 festum
987 2090 1072 2123 anni
1091 2094 1151 2123 *tc*
1170 2091 1205 2123 vc
1223 2090 1285 2135 xiij
1315 2069 1366 2136 ii‘ij
1387 2091 1422 2124 li.
1475 2089 1526 2123 Et
1550 2091 1722 2124 allocatur

412 2172 524 2206 eidem
546 2183 609 2217 per
626 2172 874 2207 liberacionem
897 2171 1028 2207 factam
1051 2171 1195 2207 Andree
1219 2172 1450 2208 M‘Walkane
1473 2177 1601 2218 quarto
1624 2183 1722 2206 vere-
