2044 2906
563 421 691 452 VITAE
717 421 1055 453 EPISCOPORUM
1078 420 1510 452 DUNKELDENSIUM.
1624 422 1667 455 29

366 523 516 568 janitori
540 524 655 558 dictus
681 523 859 558 Robertus
883 523 1077 569 respondit,
1105 526 1127 542 “
1145 523 1240 557 Mihi
1261 534 1371 570 negas
1398 524 1610 570 ingressum,
1637 528 1673 557 et

370 605 505 650 regiam
522 606 747 650 presentiam,
760 606 839 640 ideo
855 606 998 640 mittam
1015 610 1117 640 extra
1133 616 1279 640 murum
1291 603 1432 651 Anglos
1450 615 1604 650 quorum
1620 603 1672 638 fa-

368 695 452 719 vore
470 687 639 720 exaudiar
653 687 682 720 :’'
709 687 839 731 quibus
856 697 901 720 ex
917 686 1047 726 verbis,
1066 686 1146 720 Rex
1168 687 1327 725 allectus,
1349 690 1494 730 recepta
1511 686 1671 730 pecunia,

366 763 548 806 placatur3
579 767 616 796 et
644 773 686 796 eo
711 763 849 802 melius,
874 763 971 807 quod
995 762 1162 796 dominus
1187 761 1370 796 Johannes
1395 762 1554 807 Ramffly
1577 761 1670 808 Regi

366 843 483 886 primo
505 843 665 884 dilectus,
688 843 946 877 assedationem
971 844 1126 878 ecclesiae
1151 844 1195 877 de
1216 842 1402 878 Abercorn
1427 853 1493 888 pro
1518 843 1670 888 quadra-

363 924 466 970 ginta
481 925 607 959 mercis
621 925 783 969 episcopo
797 925 973 959 solvendis
988 924 1143 959 obtinuit
1155 935 1165 966 ς
1184 936 1277 970 quae,
1291 929 1435 959 mortuo
1449 924 1560 971 Rege,
1573 924 1668 959 dicto

363 1004 508 1039 domino
533 1005 556 1038 J
558 1005 698 1039 ohanne
727 1006 766 1040 in
790 1005 963 1052 Angliam
989 1006 1186 1051 deportato,
1217 1005 1330 1040 libera
1358 1007 1521 1051 episcopo
1550 1006 1665 1040 rediit.

365 1085 449 1121 Hiis
466 1091 502 1121 et
519 1087 598 1121 aliis
616 1087 752 1127 mediis,
770 1087 925 1121 obtentis
943 1087 1054 1133 Regis
1079 1092 1115 1121 et
1131 1087 1357 1121 dominorum
1374 1086 1567 1127 favoribus,
1585 1098 1666 1121 cum

362 1167 471 1200 electo
493 1177 616 1211 pacem
632 1166 726 1207 fecit,
752 1168 909 1201 remissis
927 1168 1042 1202 eidem
1059 1167 1235 1202 fructibus
1258 1178 1322 1212 per
1343 1178 1425 1201 eum
1442 1172 1602 1212 tempore
1624 1168 1666 1201 li-

360 1247 406 1281 tis
429 1247 589 1292 receptis.
629 1247 734 1282 Tunc
759 1248 841 1282 licet
866 1248 1032 1293 pacificus
1055 1249 1196 1294 magnis
1220 1248 1435 1282 onerabatur
1460 1249 1598 1288 debitis,
1622 1250 1665 1283 de

359 1327 489 1372 quibus
504 1329 677 1373 paulatim
691 1328 879 1370 satisfecit3
894 1333 930 1364 et
942 1329 1087 1364 interim
1100 1329 1240 1364 favores
1253 1330 1392 1374 patriae,
1407 1329 1618 1364 liberalitate
1628 1335 1664 1365 et

358 1409 497 1455 magnis
515 1410 553 1443 in
570 1409 706 1443 familia
723 1411 897 1454 expensis,
914 1410 1094 1445 hilaritate
1112 1415 1148 1445 et
1165 1411 1308 1452 astutia,
1327 1411 1485 1446 obtinere
1508 1413 1660 1453 meruit;

358 1489 486 1525 debitis
503 1492 730 1535 postmodum
744 1492 880 1531 solutis,
898 1492 943 1525 ad
956 1492 1131 1526 bonorum
1149 1504 1297 1537 operum
1314 1493 1439 1533 otium,
1452 1498 1569 1527 totmn
1588 1495 1662 1527 ani-

357 1581 458 1604 mum
475 1571 582 1604 dedit.
634 1571 757 1605 Primo
774 1572 867 1605 circa
883 1583 1005 1606 curam
1022 1573 1190 1606 dominici
1213 1573 1332 1619 gregis
1351 1573 1418 1607 sibi
1437 1574 1660 1609 commissam

358 1652 522 1697 vigilans,
547 1652 668 1686 doctos
692 1653 788 1687 viros
815 1652 1030 1687 Dunkelden
1052 1654 1212 1695 adduxit,
1233 1655 1363 1699 quibus
1389 1654 1501 1690 officia
1524 1656 1594 1702 maj
1619 1667 1659 1690 ra

357 1733 554 1767 commisitt
577 1733 646 1767 viZ.
664 1734 863 1769 subdecano
881 1736 1180 1770 commissariatus
1198 1737 1332 1781 pariter
1349 1741 1386 1771 et
1407 1738 1536 1772 ruralis
1560 1738 1659 1773 deca-

355 1817 462 1848 natus
479 1813 643 1855 officium,
661 1826 725 1860 per
741 1816 946 1850 universam
959 1817 1137 1858 diocesim,
1151 1822 1239 1862 quot
1251 1817 1386 1859 focarii,
1400 1823 1488 1864 quot
1505 1819 1656 1854 adulteri

357 1899 393 1930 et
409 1895 624 1936 incestuarii‚
641 1907 705 1940 per
728 1897 978 1938 subdecanum,
1000 1909 1041 1932 eo
1063 1898 1261 1939 assistente,
1287 1903 1372 1934 sunt
1393 1901 1565 1941 correcti3
1592 1912 1656 1935 nec

358 1975 500 2010 clericos
517 1987 581 2010 nec
597 1977 704 2011 laicos
723 1978 828 2012 dictae
845 1979 1020 2013 dioceseos
1038 1980 1135 2013 latet.
1167 1979 1374 2015 Subdecano
1391 1982 1436 2018 ad
1454 1981 1653 2016 Romanam

353 2057 489 2092 curiam
499 2057 618 2098 misso,
631 2059 670 2092 in
681 2058 801 2094 officiis
814 2061 994 2105 praedictis
1007 2061 1214 2105 perdoctum
1228 2066 1264 2095 et
1277 2062 1421 2096 omnino
1432 2063 1652 2107 spiritualem

352 2139 472 2173 virum
490 2138 708 2185 Magistrum
721 2140 923 2176 &Valterum
941 2141 1088 2182 Brown‚
1102 2153 1284 2176 sacrarum
1301 2143 1486 2177 literarum
1503 2143 1652 2179 bacalla-

351 2219 457 2261 rium,
470 2221 509 2255 in
521 2219 605 2267 jure
622 2223 789 2257 canonico
806 2223 965 2268 apprime
983 2224 1175 2264 eruditum,
1188 2224 1226 2258 in
1240 2223 1422 2259 officialem
1438 2226 1649 2271 generalem,
