2106 2894
693 386 863 420 PONTIS
883 385 1254 419 DUNKELDENSIS.
1559 389 1628 422 125

325 479 375 545 isi}
391 497 425 533 d.
469 499 522 533 Et
537 497 745 532 Alexandro
764 497 867 543 Speir
883 508 949 543 pro
966 496 1212 542 septemdecim
1230 497 1355 531 diebus
1371 496 1447 542 xxij
1467 498 1493 529 ἔ.
1511 495 1573 541 viij
1592 493 1627 529 d.

325 581 376 616 Et
405 583 578 616 allocatur
603 581 716 615 eidem
743 580 782 614 in
807 580 1026 625 empcionem
1051 580 1209 625 quinque
1234 579 1389 614 millium
1414 578 1627 624 noninginta

323 664 564 698 novemdecim
598 674 747 698 onerum
775 662 935 707 lapidum
966 663 1159 697 muralium
1192 673 1258 707 pro
1287 659 1336 696 lie
1352 658 1486 707 filling·
1508 660 1626 705 precio

324 746 442 779 oneris
469 746 637 780 denarius
665 745 851 779 extenden.
875 745 915 778 in
942 745 1092 789 pecunia
1118 744 1163 778 ad
1190 744 1290 789 xxvij
1313 744 1350 778 li.
1369 744 1393 789 ij
1414 746 1440 778 ἓ.
1454 744 1469 788 j
1489 741 1524 776 d.
1575 742 1626 777 Et

322 828 494 862 allocatur
511 827 626 861 eidem
648 827 687 860 in
709 826 927 870 empcionem
945 824 1145 871 sexinginta
1170 825 1377 870 octuaginta
1393 836 1542 859 onerum
1559 825 1625 858 luti

318 921 381 954 per
400 915 541 955 tempus
562 908 717 953 compoti
741 908 859 953 precio
882 908 1000 942 oneris
1023 907 1190 942 denarius
1212 907 1397 941 extenden.
1415 907 1455 941 in
1477 906 1627 951 pecunia

321 995 364 1028 ad
386 994 437 1039 lvj
456 995 483 1028 ἔ.
502 993 564 1038 viij
585 991 619 1026 d.
671 991 723 1026 Et
750 992 788 1026 in
813 992 1031 1036 empcionem
1057 989 1116 1025 sex
1140 989 1188 1025 lie
1211 988 1384 1036 Zangettis
1408 991 1452 1025 ad
1479 991 1630 1025 verudos

318 1076 353 1120 vj
373 1073 407 1109 d.
460 1074 512 1109 Et
529 1076 701 1109 allocatur
718 1074 832 1108 eidem
849 1085 913 1118 per
929 1073 1177 1108 liberacionem
1194 1073 1326 1108 factam
1338 1072 1363 1107 J
1364 1072 1472 1107 acobo
1490 1072 1625 1107 Lokert

317 1158 466 1203 lapicide
489 1158 527 1191 in
551 1157 748 1191 mercedem
772 1155 825 1190 sui
849 1156 980 1190 laboris
1004 1156 1178 1190 conducto
1195 1153 1365 1201 vigefimo
1381 1154 1478 1189 sexto
1497 1154 1622 1199 Mercij

318 1251 413 1274 anno
431 1239 491 1273 *tc*
510 1241 546 1273 v‘
563 1239 637 1272 wi
654 1239 692 1272 in
712 1238 864 1272 eundem
881 1238 976 1271 diem
994 1249 1087 1271 anno
1105 1238 1267 1272 revoluto
1287 1237 1440 1282 capienti
1463 1237 1501 1271 in
1524 1235 1629 1280 septi-

318 1332 425 1355 mana
442 1319 575 1365 septem
594 1318 721 1354 solidos
739 1320 925 1354 extenden.
943 1319 982 1353 in
999 1330 1093 1353 anno
1111 1319 1155 1353 ad
1173 1319 1366 1353 octodecim
1378 1318 1487 1353 libras
1501 1322 1537 1352 et
1549 1322 1627 1352 octo

316 1403 443 1439 solidos
461 1403 522 1448 xvj
539 1402 575 1436 li.
594 1402 632 1448 iij
653 1404 682 1442 ἔξ
697 1413 722 1436 x
738 1399 773 1436 d.
814 1400 866 1436 Et
884 1402 1057 1436 allocatur
1074 1401 1188 1435 eidem
1205 1412 1268 1447 per
1285 1401 1535 1435 liberacionem
1552 1400 1622 1435 fac-

321 1491 397 1520 tam
414 1484 473 1519 sex
491 1484 663 1529 operariis
680 1484 719 1519 in
736 1484 894 1529 querella
910 1484 948 1518 in
966 1484 1158 1518 eorundem
1175 1483 1287 1518 feodis
1305 1484 1432 1518 annuis
1451 1495 1473 1517 a

317 1579 411 1602 anno
429 1573 488 1602 ze*
506 1568 542 1601 vc
559 1565 664 1612 xiiijto
682 1567 720 1601 in
737 1566 832 1601 diem
848 1566 973 1612 xxvijm
991 1563 1117 1600 menfis
1134 1565 1159 1599 J
1159 1566 1297 1611 anuarij
1317 1576 1411 1600 anno
1425 1570 1484 1600 ‘tc0
1503 1566 1539 1598 vc
1552 1563 1625 1599 xv²⁰

318 1651 509 1695 recipiente
527 1649 687 1694 quolibet
703 1660 767 1694 per
783 1659 916 1683 annum
935 1649 1031 1683 ultra
1047 1649 1208 1683 modium
1225 1648 1359 1683 farrine
1376 1648 1414 1682 in
1431 1646 1626 1692 septimana

320 1732 560 1778 quadraginta
584 1730 712 1766 solidos
778 1730 830 1765 Et
855 1731 994 1765 duobus
1020 1731 1190 1776 operariis
1216 1742 1238 1765 a
1262 1731 1398 1765 decimo
1434 1730 1543 1764 tercio
1570 1729 1627 1763 die

316 1811 443 1848 mensis
475 1813 565 1847 Maii
591 1824 685 1847 anno
711 1818 771 1848 ”tc-³
796 1815 832 1847 νῦ
857 1814 992 1848 decimo
1017 1813 1144 1858 quinto
1172 1813 1210 1847 in
1236 1813 1293 1846 die
1317 1812 1457 1858 xxvijmo
1496 1808 1624 1845 menfis

318 1894 341 1928 J
343 1894 483 1929 anuarii
501 1905 595 1928 anno
614 1899 674 1928 ‘tc‘
693 1895 729 1928 vc
827 1894 960 1939 capien.
979 1898 1020 1928 ut
1038 1894 1099 1928 alii
1117 1893 1302 1928 extenden.
1321 1893 1367 1928 ad
1384 1904 1433 1927 xv
1449 1893 1485 1927 li.
1503 1871 1580 1939 xi1⁰1¹J
1598 1895 1624 1926 ἔ.

318 1977 369 2012 Et
387 1977 526 2012 Thome
545 1977 726 2012 Moirheid
749 1988 814 2022 per
836 1988 946 2012 unam
970 1975 1204 2022 septimanam
1227 1973 1392 2010 existenti
1412 1976 1451 2010 in
1468 1976 1625 2020 querella

319 2070 400 2093 cum
416 2059 554 2094 farrina
570 2060 633 2105 viij
653 2057 688 2094 d.
739 2059 792 2094 Et
809 2060 982 2095 allocatur
999 2059 1114 2094 eidem
1136 2070 1200 2104 per
1222 2058 1473 2093 liberacionem
1495 2057 1624 2091 factam

317 2141 489 2184 operariis
514 2141 881 2176 communibus'circa
906 2145 1052 2186 pontem
1077 2152 1099 2175 a
1125 2141 1262 2175 decimo
1290 2138 1387 2174 sexto
1415 2140 1472 2174 die
1499 2136 1627 2173 menfis

315 2222 453 2268 Aprilis
479 2222 564 2257 anni
588 2228 648 2257 ‘tc‘
667 2225 703 2257 vc
727 2225 854 2259 decimi
877 2225 995 2269 quinti
1019 2224 1058 2258 in
1083 2224 1175 2258 diem
1205 2219 1413 2268 vigesimum
1438 2220 1627 2256 secundum

973 2314 999 2338 R
