2106 2894
713 377 880 411 PONTIS
901 376 1273 410 DUNKELDENSIS.
1579 380 1648 412 113

337 490 379 523 de
398 487 525 524 nostris
543 490 580 536 xj
600 492 626 524 3.
646 490 693 536 vij
712 487 747 524 d.
790 489 841 523 Et
858 490 1030 524 allocatur
1049 489 1163 524 eidem
1187 499 1251 533 per
1273 487 1492 532 empcionem
1510 491 1545 520 et
1563 487 1647 520 duc-

337 573 471 607 tionem
491 573 534 607 de
550 573 756 619 octuaginta
773 584 845 607 uno
861 573 1020 618 lapidum
1038 572 1232 607 muralium
1245 568 1293 604 lie
1300 567 1442 615 chal3ie
1459 569 1508 615 vij
1528 571 1554 603 3.
1571 569 1596 614 ij
1613 566 1646 602 d.

338 653 390 688 Et
416 655 530 689 eidem
557 667 621 700 per
648 655 864 700 empcionem
892 655 1014 699 pabuli
1044 655 1089 689 ad
1120 655 1271 688 verudos
1297 653 1335 687 in
1361 652 1536 698 principio
1562 651 1646 686 anni

337 742 397 770 *cc*
412 739 448 770 νε
460 738 523 783 xiij
543 735 611 771 ΧΥ)
625 740 650 771 3.
669 711 741 783 viij*
750 735 784 771 d.
831 737 883 771 Et
899 738 1012 771 eidem
1029 748 1094 781 per
1110 737 1318 781 empcionen
1335 737 1377 770 de
1395 736 1580 770 duodecim
1598 734 1646 770 lie

322 816 529 861 schaikillis
545 819 595 864 xij
614 816 649 852 d.
698 818 750 852 Et
767 819 939 853 allocatur
956 818 1069 852 eidem
1088 829 1152 863 per
1169 818 1418 852 liberacionem
1435 817 1566 852 factam
1584 817 1608 851 J
1609 829 1645 852 o-

334 901 445 935 hanni
464 900 615 935 Stewart
630 901 694 935 uni
713 901 922 935 veredorum
941 900 1075 945 capien.
1098 911 1162 945 per
1178 911 1313 934 annum
1336 899 1496 934 modium
1513 898 1645 933 ferrine

334 983 373 1016 in
389 981 585 1027 septimana
602 987 638 1017 et
654 983 894 1029 quadraginta
914 981 1042 1017 solidos
1068 983 1215 1028 pecunie
1233 982 1272 1016 in
1289 982 1421 1016 bonum
1440 986 1644 1026 compotum

334 1064 428 1098 feodi
441 1076 504 1109 per
518 1069 658 1110 tempus
672 1066 826 1110 compoti
839 1066 927 1111 xxxj
945 1068 971 1100 3.
1010 1065 1062 1100 Et
1075 1066 1248 1100 allocatur
1260 1066 1374 1100 eidem
1388 1077 1450 1110 per
1464 1065 1645 1100 liberacio-

334 1158 415 1180 nem
439 1146 569 1181 factam
594 1146 752 1181 Johanni
776 1147 852 1181 Fod
877 1148 980 1182 alteri
1004 1149 1214 1182 veredorum
1239 1158 1303 1192 per
1325 1151 1466 1192 tempus
1490 1147 1643 1191 compoti

332 1225 425 1261 xxxu
443 1230 470 1261 3.
520 1228 572 1262 Et
595 1230 768 1262 allocatur
790 1229 904 1263 eidem
926 1241 991 1274 per
1013 1227 1247 1263 remiffionem
1270 1229 1400 1263 factam
1422 1240 1485 1273 per
1502 1240 1643 1274 compo-

331 1313 467 1344 tantem
484 1310 522 1344 in
540 1309 699 1344 favorem
716 1309 836 1344 Dauid
855 1310 1066 1357 Scrymgeor
1083 1312 1126 1345 de
1144 1310 1278 1345 Ferdill
1295 1311 1338 1344 de
1352 1310 1480 1344 debitis
1497 1321 1561 1355 per
1575 1310 1643 1344 Pa-

331 1392 475 1426 tricium
495 1392 578 1437 Hay
597 1393 639 1426 de
657 1391 840 1438 Eschindy
856 1397 899 1427 ut
920 1396 1019 1438 patet
1041 1404 1105 1438 per
1121 1393 1357 1438 quittanciam
1374 1392 1523 1427 Domini
1547 1393 1641 1426 dicto

331 1474 487 1508 Domino
510 1475 554 1508 de
578 1474 715 1508 Fardill
734 1474 866 1509 factam
883 1474 1054 1510 ostensam
1073 1474 1177 1520 super
1195 1480 1397 1520 compotum
1419 1475 1483 1520 xiij
1503 1475 1539 1508 li.
1559 1474 1594 1519 vj
1614 1477 1639 1508 ἔ.

333 1557 395 1602 viij
415 1554 449 1591 d.
500 1556 552 1591 Et
569 1558 741 1591 allocatur
758 1558 976 1603 compotanti
995 1558 1038 1592 de
1055 1555 1326 1603 superexpofitis
1344 1558 1382 1592 in
1399 1558 1527 1592 ultimo
1545 1567 1639 1591 com-

329 1644 414 1683 poto
428 1638 530 1673 officii
544 1637 597 1673 sui
610 1640 801 1674 decanatus
814 1640 852 1674 ix
865 1642 891 1674 3.
934 1639 985 1674 Et
998 1641 1171 1675 allocatur
1186 1641 1298 1675 eidem
1313 1651 1376 1686 per
1387 1639 1637 1674 liberacionem

328 1720 460 1755 factam
478 1720 634 1755 Domino
650 1732 714 1766 per
731 1726 990 1766 compotantem
1009 1726 1051 1756 ut
1067 1726 1167 1767 patet
1183 1733 1247 1767 per
1263 1721 1474 1767 scripturam
1489 1721 1636 1756 Domini

327 1802 404 1848 ejus
422 1813 532 1837 manu
544 1801 774 1848 subscriptam
790 1802 961 1838 ostensam
975 1803 1078 1849 super
1091 1809 1295 1849 compotum
1308 1804 1372 1850 xlij
1393 1806 1418 1838 3.
1470 1803 1521 1838 Et
1534 1803 1635 1838 solut.

328 1881 431 1928 super
448 1883 587 1929 presens
606 1889 810 1929 compotum
827 1896 891 1930 per
907 1890 1169 1930 compotantem
1187 1864 1265 1932 xiiij
1281 1888 1307 1919 3.
1326 1886 1360 1932 vj
1380 1883 1415 1920 d.

575 1964 723 1999 Summa
748 1966 909 2000 omnium
935 1965 1165 2011 expensarum
1187 1967 1219 2013 j⁶
1245 1967 1359 2013 xxxiij
1387 1967 1424 2001 li.
1446 1945 1524 2012 x‘i'iij
1544 1964 1576 2001 3.
1599 1971 1635 2000 et

576 2047 703 2082 obulus
720 2047 772 2082 Et
789 2046 836 2083 fic
853 2059 941 2094 eque
958 2060 1037 2083 cum
1057 2053 1290 2094 compotante.
