2044 2906
383 402 424 432 34
567 400 693 432 VITAE
718 398 1056 432 EPISCOPORUM
1080 397 1516 430 DUNKELDENSIUM.

387 516 562 545 terrarum
596 511 907 545 ecclesiasticarum
936 511 980 544 de
1014 508 1217 548 Kincarnis‚
1251 508 1459 542 cancellario
1493 512 1580 542 tunc
1613 519 1688 554 ma-

386 592 499 639 gistro
526 591 679 637 Georgio
703 591 849 630 Brown,
875 594 911 624 et
937 589 1182 634 praebendario
1209 589 1253 622 de
1280 588 1403 622 Ruffiu
1431 593 1517 623 tunc
1544 589 1689 623 domino

388 671 539 706 Thomae
574 671 677 716 Byne
707 670 962 715 pertinentium
991 669 1146 710 vexavit,
1174 669 1270 714 quod
1299 680 1372 703 non
1401 669 1540 704 sinebat
1569 680 1692 703 eorum

387 752 553 787 animalia
576 763 640 786 nec
662 753 701 786 in
723 751 876 797 propriis
902 762 966 785 nec
991 750 1239 785 communibus
1263 751 1414 796 pascuis,
1438 751 1534 785 ultra
1555 754 1688 785 terram

388 845 510 868 eorum
528 834 659 867 cultam
677 833 815 877 depasci
831 842 840 873 ;
868 833 1024 878 allegans
1041 836 1155 866 terras
1173 832 1423 866 ecclesiasticas
1443 832 1540 866 ultra
1557 836 1688 866 terram

389 916 519 949 cultam
532 915 763 959 pertinentias
777 918 812 947 et
822 914 1011 959 privilegia
1025 924 1098 947 non
1110 912 1240 947 habere
1253 923 1262 954 3
1283 917 1318 947 et
1331 917 1519 958 propterea
1532 904 1690 959 quotidie

389 997 524 1030 namari
542 995 625 1030 fecit
645 999 807 1029 armenta
826 999 861 1029 et
878 995 1040 1035 detineri,
1058 1006 1244 1040 quousque
1261 1005 1435 1040 pauperes
1457 995 1624 1039 inquilini
1645 996 1690 1029 ad

389 1078 523 1112 curiam
541 1077 625 1111 dicti
642 1076 666 1110 J
668 1077 766 1111 acobi
784 1077 957 1116 venirent,
975 1080 1010 1110 et
1027 1077 1214 1110 servitium
1232 1081 1268 1110 et
1291 1076 1501 1121 obsequium
1519 1077 1613 1111 dicto
1630 1077 1653 1111 J
1655 1088 1691 1111 a-

390 1158 486 1198 cobo,
504 1158 703 1202 autumpni,
721 1157 864 1191 seminis
882 1162 917 1191 et
935 1157 1087 1191 aliorum
1105 1157 1267 1191 laborum
1285 1157 1505 1201 temporibus
1523 1169 1693 1203 spospon-

390 1240 523 1279 derent,
548 1240 587 1273 in
611 1239 808 1272 maximum
831 1239 984 1272 ecclesiae
1010 1238 1184 1273 libertatis
1211 1238 1416 1283 dampnum.
1461 1238 1558 1273 Dicti
1580 1240 1692 1285 igitur

391 1320 617 1354 cancellarius
635 1324 670 1354 et
684 1320 816 1353 Ruffell
829 1319 1107 1364 praebendarius,
1118 1319 1322 1364 frequentes
1340 1321 1435 1355 dicto
1452 1320 1610 1365 pontifici
1628 1333 1692 1356 suo

392 1402 630 1447 querimonias
651 1406 914 1446 exposuerunt3
942 1412 1030 1446 quas
1053 1402 1147 1435 idem
1168 1401 1330 1446 pontifex
1350 1401 1444 1436 ferre
1466 1414 1538 1436 non
1559 1404 1691 1451 valens,

392 1488 515 1517 contra
531 1483 666 1517 dictum
684 1481 707 1516 J
709 1482 867 1522 acobum,
881 1483 1008 1527 primo,
1022 1483 1082 1516 via
1095 1482 1409 1527 perambulationis
1427 1485 1623 1518 remedium
1641 1491 1694 1519 at-

393 1564 592 1609 temptavit,
613 1563 920 1608 commissionique
944 1574 1097 1603 causam,
1119 1564 1162 1597 de
1185 1574 1358 1598 consensu
1379 1564 1403 1597 J
1405 1564 1514 1604 acobi,
1539 1565 1694 1600 obtinuit

393 1644 588 1679 XVillielmo
606 1645 726 1678 comiti
743 1645 785 1678 de
803 1644 905 1678 Eroll
920 1655 929 1685 ;
957 1649 993 1678 et
1010 1645 1065 1678 die
1083 1645 1398 1689 perambulationis
1421 1650 1567 1686 statuto,
1585 1648 1695 1691 parti-

396 1726 462 1760 bus
486 1730 522 1759 et
544 1726 661 1770 patria
681 1726 719 1758 in
737 1736 867 1771 magno
887 1736 1047 1765 numero,
1069 1736 1175 1770 super
1198 1727 1337 1770 pascuis
1356 1727 1624 1768 debatabilibus,
1643 1730 1695 1762 vi-
1745 1744 1747 1746 ·

396 1807 483 1852 gilia
504 1806 658 1840 Simonis
679 1810 715 1840 et
736 1805 758 1839 J
761 1807 841 1840 udae
865 1806 1167 1846 convenientibus,
1188 1807 1281 1840 idem
1299 1806 1463 1848 Jacobus,
1481 1810 1635 1843 multum
1654 1816 1695 1844 ut

398 1892 475 1921 erat
492 1892 643 1927 astutus,
660 1887 935 1931 municipalibus
953 1887 1054 1932 regni
1072 1888 1259 1931 practicus,
1277 1888 1362 1932 quia
1380 1889 1544 1933 sperabat
1560 1901 1625 1935 pro
1643 1902 1696 1925 ec-

400 1969 504 2003 clesia
521 1969 707 2002 victoriam
725 1968 917 2007 evadendo,
935 1969 1121 2012 proposuit
1133 1969 1291 2014 judicem
1308 1981 1380 2004 non
1399 1970 1574 2016 juratum,
1593 1977 1628 2006 et
1647 1974 1697 2007 sic

401 2058 534 2087 cessata
546 2058 599 2086 est
612 2052 869 2097 perambulatio
882 2052 953 2086 illa.
984 2052 1152 2087 Pontifex
1166 2054 1222 2087 vir
1234 2054 1384 2098 sapiens,
1399 2056 1622 2092 considerans
1636 2057 1660 2091 J
1661 2069 1698 2092 a-

402 2133 527 2168 cobum
542 2134 584 2167 de
598 2144 703 2167 causa
720 2145 785 2167 sua
798 2134 993 2178 desperare,
1007 2138 1042 2168 et
1054 2139 1135 2178 post
1148 2136 1279 2169 multas
1293 2147 1463 2181 expensas
1476 2137 1587 2173 factas
1601 2140 1698 2174 delu-

403 2217 493 2251 sorie
511 2216 674 2256 evasisse,
691 2215 883 2260 respondit,
901 2219 921 2234 “
936 2215 1195 2260 Expendentur
1212 2218 1254 2252 de
1265 2217 1366 2253 bonis
1381 2218 1501 2254 Sancti
1515 2219 1699 2256 Columbae
