1964 2894
513 412 641 444 VITAE
667 409 1005 443 EPISCOPORUM
1029 405 1462 441 DUNKELDENSIUM.
1633 406 1653 437 9

346 518 431 552 etin
444 517 657 551 monasterio
671 515 791 550 Sancti
804 513 988 548 Columbae
998 514 1125 547 insulae
1138 513 1182 546 de
1195 511 1361 551 Emonia,
1370 511 1462 545 sicut
1470 509 1646 544 Ricardus

347 600 390 633 de
404 598 587 633 Prebenda
599 598 676 644 ejus
693 597 939 642 praedecessor,
952 596 1111 640 sepultus
1129 599 1193 634 est,
1206 605 1299 628 anno
1312 592 1447 627 domini
1460 591 1647 626 millesimo
1673 595 1713 625 A.
1732 594 1772 625 D.
1790 592 1883 623 1214.

348 681 586 715 ducentesimo
602 680 738 714 decimo
755 682 895 723 quarto.
935 676 1003 711 Cui
1021 676 1187 710 successit

403 923 556 965 HUGO,
574 924 689 958 dictus
708 922 819 969 Hugo
836 923 879 956 de
896 921 1031 968 sigillo,
1045 921 1238 955 monachus
1256 921 1299 954 de
1316 919 1488 954 Arbroth.
1516 918 1587 954 Hic
1600 921 1656 953 vir
1700 950 1704 957 .,

352 1007 658 1043 mansuetissimus
680 1005 760 1045 fuit,
787 1005 847 1049 pia
876 1005 971 1049 apud
993 1014 1164 1048 pauperes
1186 1004 1321 1037 viscera
1345 1013 1481 1048 gerens,
1506 1002 1592 1035 adeo
1615 1006 1656 1035 ut

354 1100 550 1134 pauperum
567 1088 750 1133 episcopus
764 1087 880 1120 dictus
898 1090 973 1126 est3
993 1086 1054 1119 sed
1071 1096 1152 1119 cum
1165 1085 1324 1119 nondum
1342 1095 1436 1118 anno
1449 1095 1521 1118 uno
1539 1084 1655 1118 cathe-

354 1172 455 1205 dram
472 1170 632 1209 rexisset,
650 1173 775 1203 octavo
794 1167 879 1202 Idus
897 1167 920 1201 J
922 1167 1062 1201 anuarii
1080 1166 1178 1201 obiit.
1222 1165 1273 1200 Et
1291 1166 1322 1200 ei
1341 1166 1507 1200 successit

406 1413 697 1448 GILBERTUS
718 1414 914 1458 episcopus,
932 1412 995 1456 quj
1018 1411 1109 1445 sedit
1131 1411 1233 1445 annis
1253 1411 1382 1456 viginti
1400 1410 1549 1451 duobus,
1567 1422 1660 1445 mor-

358 1501 512 1541 tuusque
529 1500 593 1536 est,
611 1500 647 1530 et
663 1496 822 1540 sepultus
841 1496 879 1528 in
896 1495 1014 1528 insula
1026 1493 1192 1533 Emonia,
1211 1504 1305 1527 anno
1322 1493 1456 1526 domini
1474 1492 1661 1526 millesimo

359 1578 599 1611 ducentesimo
616 1577 801 1622 trigesimo
820 1579 931 1614 sexto,
950 1574 1126 1608 dominica
1142 1585 1224 1618 quae
1242 1574 1372 1608 dicitur
1390 1573 1433 1607 In
1451 1573 1548 1608 albis.
1584 1573 1652 1607 Cui
1679 1574 1720 1604 A·
1738 1573 1779 1604 D.
1796 1571 1886 1603 1236.

360 1654 525 1688 successit

412 1896 715 1938 GALFRIDUS,
730 1899 785 1932 vir
798 1898 836 1931 in
850 1897 997 1932 servitio
1010 1897 1132 1931 divino
1149 1897 1285 1931 zelosus
1299 1906 1307 1930 :
1330 1901 1410 1941 post
1424 1897 1663 1941 episcopatum

363 1980 529 2020 divisum,
550 1989 681 2014 novam
699 1979 782 2014 fecit
803 1980 1014 2014 erectionem
1032 1980 1076 2013 ad
1094 1979 1207 2014 instar
1227 1979 1380 2014 ecclesiae
1404 1978 1541 2013 Sarum.
1595 1979 1665 2013 Hic

365 2062 431 2102 vir,
449 2065 594 2106 propter
617 2072 719 2095 suam
743 2061 968 2106 probitatem,
987 2062 1025 2095 in
1042 2061 1244 2105 episcopum
1263 2060 1382 2095 Sancti
1399 2059 1567 2101 Andreae,
1584 2065 1664 2105 post

365 2143 545 2178 decessum
569 2142 755 2178 Willielmi
779 2143 964 2188 Malwesy,
991 2154 1084 2177 anno
1107 2143 1241 2178 domini
1265 2143 1451 2178 millesimo
1472 2144 1667 2178 ducentesi-

1017 2233 1040 2258 B
